fiscalDateEnding,reportedCurrency,grossProfit,totalRevenue,costOfRevenue,costofGoodsAndServicesSold,operatingIncome,sellingGeneralAndAdministrative,researchAndDevelopment,operatingExpenses,investmentIncomeNet,netInterestIncome,interestIncome,interestExpense,nonInterestIncome,otherNonOperatingIncome,depreciation,depreciationAndAmortization,incomeBeforeTax,incomeTaxExpense,interestAndDebtExpense,netIncomeFromContinuingOperations,comprehensiveIncomeNetOfTax,ebit,ebitda,netIncome,ticker
2024-12-31,USD,254485000,317527000,63042000,1817000,20797000,58916000,None,66932000,None,-9162000,None,440000,317527000,None,11749000,1800000,14486000,6131000,440000,8432000,8635000,20797000,16726000,8355000,ACEL
2024-09-30,USD,252735000,302227000,49492000,962000,21845000,47930000,None,52397000,None,-9164000,None,434000,302227000,None,11001000,600000,8464000,3569000,434000,4895000,820000,21845000,22445000,4895000,ACEL
2024-06-30,USD,76551000,309413000,232862000,232862000,22683000,46541000,None,53868000,None,-8906000,None,8906000,None,None,None,16383000,18519000,3933000,None,14586000,-1077000,22683000,39066000,14586000,ACEL
2024-03-31,USD,251631000,301320000,49689000,1159000,25559000,47634000,None,50998000,None,-455000,None,455000,301775000,None,10434000,600000,12216000,4800000,455000,7383000,8497000,25559000,13271000,7416000,ACEL
2023-12-31,USD,239803000,296713000,56910000,2044000,25451000,53927000,None,56209000,None,-459000,None,459000,297172000,None,9992000,600000,19377000,3389000,459000,15988000,11691000,25451000,20436000,15988000,ACEL
2023-09-30,USD,239649000,287497000,47848000,2065000,25120000,45183000,None,47465000,None,-456000,None,456000,287497000,None,9405000,600000,15050000,4630000,456000,10480000,10547000,25120000,16106000,10450000,ACEL
2023-06-30,USD,245673000,292647000,46974000,2154000,29164000,44220000,None,44893000,None,-444000,None,444000,292647000,None,9446000,600000,16083000,6100000,444000,9985000,12045000,29164000,17127000,9983000,ACEL
2023-03-31,USD,247359000,292768000,45409000,1408000,27672000,43018000,None,47243000,None,-449000,None,449000,293217000,None,9063000,600000,15182000,6000000,449000,9182000,7016000,27672000,16231000,9182000,ACEL
2022-12-31,USD,226483000,277514000,51031000,2354000,25094000,47608000,None,50201000,None,-458000,None,458000,277972000,None,8720000,600000,17535000,4129000,458000,13406000,12950000,25094000,18593000,13406000,ACEL
2022-09-30,USD,224715000,266967000,42252000,1656000,23239000,39796000,None,43702000,None,-458000,None,458000,266967000,None,8136000,800000,27358000,4914000,458000,22444000,28369000,23239000,28616000,22444000,ACEL
2022-06-30,USD,194385000,227869000,33484000,765000,27315000,32719000,None,34951000,None,-568000,None,568000,227869000,None,6598000,10172000,29264000,6800000,568000,22446000,24371000,27315000,37487000,22464000,ACEL
2022-03-31,USD,31923000,196370000,164447000,132620000,21207000,31119000,None,34278000,None,-626000,None,626000,196996000,None,5841000,9389000,20623000,4835000,626000,15788000,20652000,21207000,30596000,15788000,ACEL
2021-12-31,USD,23223000,190543000,167320000,129630000,17063000,36977000,None,41799000,None,-585000,None,585000,191128000,None,5816000,9367000,10050000,3244000,1737000,6833000,1355000,17063000,26430000,6806000,ACEL
2021-09-30,USD,35559000,193351000,157792000,129739000,18647000,28053000,None,32226000,None,-505000,None,505000,193351000,None,6500000,12739000,14743000,3936000,505000,10843000,10492000,18647000,31386000,10807000,ACEL
2021-06-30,USD,40089000,201974000,161885000,135772000,24927000,26113000,None,28800000,None,-505000,None,505000,201974000,None,6313000,12475000,18345000,5900000,505000,12445000,17649000,24927000,37402000,12445000,ACEL
2021-03-31,USD,22618000,146599000,123981000,98891000,9555000,24475000,None,27109000,None,-504000,None,504000,147103000,None,6000000,12095000,3414000,1913000,504000,1501000,1970000,9555000,21650000,1501000,ACEL
2020-12-31,USD,-4411000,70926000,75337000,49291000,-11966000,25559000,None,29227000,None,-3535000,None,3535000,74461000,None,5670000,11500000,-13650000,-5130000,3535000,10675000,-8427000,-10115000,-11966000,-8520000,ACEL
2020-09-30,USD,17942000,132898000,114956000,91792000,8984000,23164000,None,24547000,None,-3434000,None,3434000,136332000,None,5361000,11009000,235000,-6600000,3434000,12143000,6835000,3669000,19993000,6835000,ACEL
2020-06-30,USD,-12561000,379000,10451000,0,-23840000,10451000,None,13583000,None,-2489000,None,2489000,379000,None,5100000,10636000,-51823000,-5055000,2489000,-21274000,-46768000,-49334000,-13204000,-46768000,ACEL
2020-03-31,USD,9046000,101098000,92052000,67980000,2143000,23468000,None,25157000,None,-4249000,4249000,4249000,105347000,None,4867000,10432000,47943000,-100000,4249000,-1966000,48043000,52192000,12576000,48043000,ACEL
2019-12-31,USD,56934000,410284000,107501000,78589000,-5657000,28568000,None,91223071,None,-19965025,-16623025,3342000,120269000,None,7735000,26398000,-41090000,2399000,4483000,-3092096,-33992096,-37748000,22071929,-43489000,ACEL
2019-09-30,USD,0,0,83267000,65707000,1018000,17560000,None,5300971,1999354,1999354,5314354,3315000,101294000,None,6524000,None,-2298000,-700000,3315000,-3301617,-3301617,1017000,-5300971,-1598000,ACEL
2019-06-30,USD,2571416,2571416,83558000,66082000,9255000,17476000,None,4415081,2571416,2571416,5727416,3156000,104267000,None,6100000,None,6128000,1800000,3156000,-1843665,-1843665,9284000,-4415081,4328000,ACEL
2019-03-31,USD,2534255,2534255,262000,61621000,-160877,100000,None,160877,2534255,2534255,5581255,3047000,28000,None,6041000,None,5695000,1700000,205000,2373378,2373378,8742000,-160877,3995000,ACEL
2018-12-31,USD,2384139,0,-2384139,None,-211475,211475,None,211475,2384139,2384139,None,None,None,None,None,None,10532163,4422000,None,2172664,6110163,-211475,-211475,6110163,ACEL
2018-09-30,USD,2069168,0,-2069168,None,-137687,137687,None,137687,2069168,2069168,None,None,None,None,None,None,1931481,0,None,1931481,1931481,-137687,-137687,1931481,ACEL
2018-06-30,USD,1801259,1801259,None,None,-166288,166288,None,166288,1801259,1801259,None,None,None,None,None,None,1634971,0,None,1634971,1634971,-166288,-166288,1634971,ACEL
2018-03-31,USD,1414985,1414985,None,None,-288600,288600,None,288600,1414985,1414985,None,None,None,None,None,None,1126385,0,None,1126385,1126385,-288600,-288600,1126385,ACEL
2017-12-31,USD,-66269,0,66269,None,18388938,66269,None,157434,None,-23,None,None,None,None,None,None,10283915,1754000,None,-157434,-157434,18388938,-157434,8529915,ACEL
2017-09-30,USD,0,0,63262,None,-94400,63262,None,94400,None,None,None,None,None,None,None,None,-94400,None,None,-94400,-94400,-94400,-94400,-94400,ACEL
2017-06-30,USD,0,0,None,None,-45000,45000,None,45000,17,147,None,None,None,None,None,None,-44983,0,None,-44983,-44983,-45000,-45000,-44983,ACEL
