fiscalDateEnding,reportedCurrency,grossProfit,totalRevenue,costOfRevenue,costofGoodsAndServicesSold,operatingIncome,sellingGeneralAndAdministrative,researchAndDevelopment,operatingExpenses,investmentIncomeNet,netInterestIncome,interestIncome,interestExpense,nonInterestIncome,otherNonOperatingIncome,depreciation,depreciationAndAmortization,incomeBeforeTax,incomeTaxExpense,interestAndDebtExpense,netIncomeFromContinuingOperations,comprehensiveIncomeNetOfTax,ebit,ebitda,netIncome,ticker
2024-12-31,USD,1230994000,1930436000,852458000,699442000,799652000,146326000,285016000,431342000,15859000,None,None,None,1930436000,None,None,6690000,888927000,87931000,None,800996000,778220000,799652000,806342000,800996000,ANET
2024-09-30,USD,1161717000,1810936000,796562000,649219000,785250000,140643000,235824000,376467000,16766000,None,None,None,1810936000,None,None,6700000,882910000,134972000,None,747938000,772584000,785250000,791950000,747938000,ANET
2024-06-30,USD,1097213000,1690400000,730045000,593187000,699573000,130158000,267482000,397640000,15425000,None,None,None,1690400000,None,8500000,6700000,770436000,105008000,None,665428000,662299000,699573000,706273000,665428000,ANET
2024-03-31,USD,1001379000,1571374000,709528000,569995000,660141000,132843000,208395000,341238000,12418000,None,None,None,1571374000,None,8600000,6690000,722761000,85069000,None,637692000,629091000,660141000,666831000,637692000,ANET
2023-12-31,USD,999226000,1540437000,695732000,541211000,639914000,147831000,211481000,359312000,11129000,None,None,None,1540437000,None,8200000,6690000,694391000,80755000,None,613636000,633474000,639914000,646604000,613636000,ANET
2023-09-30,USD,942419000,1509456000,702508000,567037000,602695000,127371000,212353000,339724000,10391000,None,None,None,1509456000,None,8600000,8100000,644510000,99183000,None,545327000,547369000,602695000,610795000,545327000,ANET
2023-06-30,USD,884129000,1458924000,708486000,574795000,530062000,124391000,229676000,354067000,7778000,None,None,None,1458924000,None,7800000,9300000,586401000,94516000,None,491885000,488182000,530062000,539362000,491885000,ANET
2023-03-31,USD,804507000,1351351000,674680000,546844000,484578000,118521000,201408000,319929000,4220000,None,None,None,1351351000,None,7100000,9315000,496724000,60251000,None,436473000,448876000,484578000,493893000,436473000,ANET
2022-12-31,USD,768606000,1275552000,625525000,506946000,468919000,109264000,190423000,299687000,1400000,None,None,None,1275552000,None,6900000,9315000,485845000,58756000,None,427089000,440310000,468919000,478234000,427089000,ANET
2022-09-30,USD,709980000,1176801000,571647000,466821000,417347000,104826000,187807000,292633000,-2710000,None,None,None,1176801000,None,6900000,9300000,424164000,70165000,None,353999000,348189000,417347000,426647000,353999000,ANET
2022-06-30,USD,643265000,1051891000,510880000,408626000,362853000,102254000,178158000,280412000,-4424000,None,None,None,1051891000,None,6200000,7700000,362320000,63221000,None,299099000,288281000,362853000,370553000,299099000,ANET
2022-03-31,USD,553845000,877066000,427073000,323221000,277987000,103852000,172006000,275858000,-7033000,None,None,None,877066000,None,5600000,7300000,309467000,37208000,None,272259000,250058000,277987000,285287000,272259000,ANET
2021-12-31,USD,522714000,824459000,429992000,301745000,265788000,99047000,157879000,256926000,-7654000,None,None,None,824459000,None,4900000,None,267288000,27993000,None,239295000,232999000,265788000,None,239295000,ANET
2021-09-30,USD,478615000,748697000,362310000,270082000,233294000,92228000,153093000,245321000,-7072000,None,None,None,748697000,None,4900000,None,234640000,10335000,None,224305000,223440000,233294000,None,224305000,ANET
2021-06-30,USD,454178000,707319000,344661000,253141000,219365000,91520000,143293000,234813000,-6675000,None,None,None,707319000,None,4800000,None,221084000,24196000,None,196888000,196613000,219365000,None,196888000,ANET
2021-03-31,USD,425272000,667562000,328783000,242290000,206292000,86493000,132487000,218980000,-5446000,None,None,None,667562000,None,4900000,None,207867000,27501000,None,180366000,179264000,206292000,None,180366000,ANET
2020-12-31,USD,414584000,648482000,319997000,233898000,194638000,86099000,133847000,219946000,-4351000,None,None,None,648482000,5542000,5000000,None,200180000,17222000,None,182958000,184130000,194638000,None,182958000,ANET
2020-09-30,USD,384962000,605431000,288987000,220469000,188395000,68518000,128049000,196567000,-3092000,None,None,None,605431000,13224000,4900000,None,201619000,33244000,None,168375000,159618000,188395000,None,168375000,ANET
2020-06-30,USD,344089000,540570000,262037000,196481000,166989000,65556000,111544000,177100000,-1896000,None,None,None,540570000,8256000,5100000,None,175245000,30452000,None,144793000,151788000,166989000,None,144793000,ANET
2020-03-31,USD,338251000,523029000,260213000,184778000,149662000,75435000,113154000,188589000,-1042000,None,None,None,523029000,12157000,5200000,None,161819000,23388000,None,138431000,139116000,149662000,None,138431000,ANET
2019-12-31,USD,356303000,552546000,266494000,196243000,175989000,70251000,110063000,180314000,739000,None,None,0,552546000,11183000,4700000,None,187172000,-73520000,None,260692000,260634000,175989000,None,260692000,ANET
2019-09-30,USD,417274000,658715000,307077000,237141000,228606000,69936000,118732000,188668000,1772000,0,None,0,658715000,19169000,4800000,None,247775000,38880000,0,208895000,207061000,247775000,None,208895000,ANET
2019-06-30,USD,390191000,608321000,287189000,218130000,206837000,69059000,114295000,183354000,2191000,0,None,0,608321000,13811000,4800000,None,220648000,31397000,0,189251000,191866000,220648000,None,189251000,ANET
2019-03-31,USD,380570000,595424000,281413000,214854000,194342000,66559000,119669000,186228000,2069000,0,None,0,595424000,12333000,4700000,None,206675000,5646000,0,201029000,204443000,206675000,None,201029000,ANET
2018-12-31,USD,374992000,595726000,283645000,220734000,193642000,62911000,118439000,181350000,1497000,-661000,None,661000,595726000,5509000,5600000,None,198490000,28168000,661000,170322000,170770000,199151000,None,170322000,ANET
2018-09-30,USD,361583000,562636000,264950000,201726000,180770000,63224000,117589000,180813000,1080000,-673000,None,673000,563309000,9292000,5400000,None,189389000,20865000,673000,168524000,168633000,190062000,None,168524000,ANET
2018-06-30,USD,333883000,519165000,250570000,185962000,-239803000,64608000,104078000,573686000,753000,-680000,None,680000,519845000,-1489000,5400000,None,-241972000,-86703000,680000,-155269000,-156194000,-241292000,None,-155269000,ANET
2018-03-31,USD,302919000,472489000,169570000,169570000,138738000,61819000,102362000,164181000,30000,-687000,None,687000,472489000,4843000,5300000,None,142894000,-1644000,687000,144538000,142850000,143581000,None,144538000,ANET
2017-12-31,USD,307165000,467867000,160702000,160702000,139388000,60597000,107180000,167777000,-346000,-741000,None,741000,467867000,2988000,5200000,None,141635000,37802000,741000,103833000,102970000,142376000,None,103833000,ANET
2017-09-30,USD,280617000,437633000,157016000,157016000,140832000,60175000,79610000,139785000,-353000,-701000,None,701000,437633000,2136000,5200000,None,142267000,8545000,701000,133722000,133900000,142968000,None,133722000,ANET
2017-06-30,USD,259777000,405211000,145434000,145434000,116634000,61949000,81194000,143143000,-423000,-623000,None,623000,405211000,1119000,5000000,None,117130000,14445000,623000,102685000,103062000,117753000,None,102685000,ANET
2017-03-31,USD,214210000,335475000,121265000,121265000,73418000,59182000,81610000,140792000,-330000,-715000,None,715000,335475000,1025000,4800000,None,73728000,-9233000,715000,82928000,82806000,74443000,None,82961000,ANET
2016-12-31,USD,210155000,327969000,117814000,117814000,77495000,61262000,71398000,132660000,-499000,None,None,None,None,560000,4600000,None,77137000,18354000,None,58783000,58291000,77495000,None,58783000,ANET
2016-09-30,USD,186420000,290261000,103841000,103841000,63021000,52751000,70648000,123399000,-609000,None,None,None,None,639000,5100000,None,62925000,11668000,None,51225000,50979000,63021000,None,51257000,ANET
2016-06-30,USD,171451000,268741000,97290000,97290000,53158000,49273000,69020000,118293000,None,None,None,None,None,416000,4800000,None,52842000,13938000,None,38904000,38851000,53158000,None,38904000,ANET
2016-03-31,USD,155090000,242196000,87106000,87106000,49735000,42840000,62515000,105355000,None,None,None,None,None,337000,4800000,None,49321000,14076000,None,35245000,35267000,49735000,None,35245000,ANET
2015-12-31,USD,156168000,245446000,89278000,89278000,49397000,49358000,57413000,106771000,-139000,None,None,0,None,-109000,3700000,None,48542000,4618000,None,43924000,43680000,49397000,None,43924000,ANET
2015-09-30,USD,141748000,217548000,75800000,75800000,31297000,51703000,58748000,110451000,-449000,None,None,0,None,13000,3400000,None,30557000,1867000,None,28690000,28402000,31297000,None,28690000,ANET
2015-06-30,USD,127890000,195552000,67662000,67662000,32859000,45084000,49947000,95031000,-396000,None,None,0,None,417000,3300000,None,32444000,8448000,None,23996000,24205000,32859000,None,23996000,ANET
2015-03-31,USD,117754000,179045000,61291000,61291000,35755000,38659000,43340000,81999000,-487000,None,None,0,None,-468000,2900000,None,34466000,9974000,None,24492000,24475000,35755000,None,24492000,ANET
2014-12-31,USD,116440000,173489000,57049000,57049000,39002000,33094000,44344000,77438000,None,0,None,0,-600000,-151000,2600000,None,38083000,7046000,0,31037000,30751000,39002000,None,31037000,ANET
2014-09-30,USD,100957000,155463000,54506000,54506000,33874000,30852000,36231000,67083000,None,-527000,-527000,0,None,-824000,2700000,None,32286000,10420000,527000,21866000,21803000,33874000,None,21866000,ANET
2014-06-30,USD,93380000,137947000,44567000,44567000,30655000,27837000,34888000,62725000,None,-350000,None,350000,None,2472000,2400000,None,31692000,10074000,350000,21618000,21630000,30655000,None,21618000,ANET
2014-03-31,USD,81314000,117207000,35893000,35893000,21982000,None,33446000,59332000,None,None,None,None,None,-764000,2300000,None,19447000,7118000,None,None,12296000,21982000,None,12329000,ANET
2013-12-31,USD,77473000,114766000,37293000,None,22505000,None,31352000,54968000,None,None,None,None,None,-631000,2500000,None,20075000,6333000,None,None,13734000,22505000,None,13742000,ANET
2013-09-30,USD,65036000,101625000,36589000,None,18636000,None,26635000,46400000,None,None,None,None,None,-23000,1000000,None,16816000,4960000,None,None,11927000,18636000,None,11856000,ANET
2013-06-30,USD,53901000,83485000,29584000,None,16264000,None,21086000,37637000,None,None,None,None,None,-1000,800000,None,14491000,4240000,None,None,10217000,16264000,None,10251000,ANET
