fiscalDateEnding,reportedCurrency,grossProfit,totalRevenue,costOfRevenue,costofGoodsAndServicesSold,operatingIncome,sellingGeneralAndAdministrative,researchAndDevelopment,operatingExpenses,investmentIncomeNet,netInterestIncome,interestIncome,interestExpense,nonInterestIncome,otherNonOperatingIncome,depreciation,depreciationAndAmortization,incomeBeforeTax,incomeTaxExpense,interestAndDebtExpense,netIncomeFromContinuingOperations,comprehensiveIncomeNetOfTax,ebit,ebitda,netIncome,ticker
2024-12-31,None,1354877000,1783436000,428559000,428559000,232408000,131168000,327987000,1122469000,None,None,None,None,None,None,None,61115750,344081000,31375000,None,None,None,232408000,293523750,348418000,ATHM
2024-09-30,CNY,1366864000,1774532000,407668000,407668000,82616000,136532000,339159000,1284248000,None,193816000,193816000,None,None,None,None,None,289220000,-138982000,None,428202000,None,None,82616000,469933000,ATHM
2024-06-30,CNY,1526452000,1872554000,346102000,346102000,412394000,117564000,315230000,1114058000,None,189053000,189053000,None,None,None,None,61115750,606087000,102165000,None,503922000,None,351278250,412394000,509673000,ATHM
2024-03-31,CNY,1308173000,1609065000,300892000,300892000,276078000,149545000,336067000,1032095000,None,219974000,219974000,None,None,None,None,61115750,446919000,68401000,None,378518000,None,214962250,276078000,421447000,ATHM
2023-12-31,CNY,1543553000,1911441000,367888000,367888000,366714000,156797000,355924000,1169478000,None,195813000,195813000,None,None,None,None,76297500,569888000,127566000,None,442322000,None,366714000,443011500,432115000,ATHM
2023-09-30,CNY,1543553000,1911441000,367888000,367888000,366714000,156797000,355924000,1169478000,None,207365000,207365000,None,None,None,None,61115750,569888000,127566000,None,574187000,None,305598250,366714000,471920000,ATHM
2023-06-30,CNY,1532479000,1906031000,373552000,373552000,166037000,141047000,355172000,1366442000,None,202813000,202813000,None,None,None,None,76297500,428299000,-145888000,None,506836000,None,89739500,166037000,602312000,ATHM
2023-03-31,CNY,1522625000,1893256000,370631000,370631000,158937000,102775000,312903000,1009336000,None,225015000,225015000,172066000,None,None,None,54880,671675000,76914000,None,402064000,None,513234120,513289000,618660000,ATHM
2022-12-31,CNY,1522625000,1893256000,370631000,370631000,158937000,102775000,312903000,1009336000,None,172066000,172066000,172066000,None,None,None,354352000,671675000,76914000,None,594761000,None,158937000,513289000,618661000,ATHM
2022-09-30,CNY,1512626000,1843287000,330661000,330661000,-119525000,136387000,386750000,1320880000,None,152858000,152858000,152858000,None,None,None,27081,328865000,-180842000,None,509707000,None,191718919,191746000,495436000,ATHM
2022-06-30,CNY,1454129000,1732993000,278864000,278864000,-37763000,126616000,362194000,1152878000,None,138859000,138859000,149398000,None,None,None,86065,456531000,34108000,None,740867000,None,301164935,301251000,423376000,ATHM
2022-03-31,CNY,1431647000,1693617000,261970000,261970000,176907000,127644000,394795000,1254740000,None,90768000,90768000,8275000,None,None,None,71391,152646000,-119447000,None,297735000,None,176835609,176907000,288079000,ATHM
2021-12-31,CNY,1431647000,1693617000,261970000,261970000,176907000,127644000,394795000,1254740000,None,-25624000,25624000,8275000,None,None,None,-8275000,152646000,-119447000,None,272093000,None,185182000,176907000,288079000,ATHM
2021-09-30,CNY,1482551000,1763763000,281212000,281212000,365084000,110748000,364029000,1117467000,None,152307000,152307000,None,None,None,None,54000,517289000,18204000,None,499085000,None,365030000,365084000,535483000,ATHM
2021-06-30,CNY,1676456000,1938043000,261587000,261587000,672987000,176782000,334662000,1003469000,None,138859000,138859000,None,None,None,None,55806,811083000,70216000,None,740867000,None,672931194,672987000,775924000,ATHM
2021-03-31,CNY,1598458000,1841581000,243123000,243123000,566634000,128625000,304551000,1031824000,None,129703000,129703000,None,None,None,None,None,696140000,65033000,None,631107000,None,566634000,698832000,633799000,ATHM
2020-12-31,CNY,2215088000,2483094000,268006000,268006000,947175000,70577000,396894000,1267913000,None,136038000,136038000,None,None,None,None,55131,1077520000,-70883000,None,1148403000,None,947119869,947175000,1146902000,ATHM
2020-09-30,CNY,2065483000,2315568000,250085000,250085000,744176000,139632000,349010000,1321307000,None,135091000,135091000,None,None,None,None,None,878987000,31914000,None,847073000,None,878987000,878585000,846671000,ATHM
2020-06-30,CNY,2048051000,2313268000,265217000,265217000,870749000,82482000,326385000,1177302000,None,128869000,128869000,None,None,None,None,51116,999258000,174430000,None,824828000,None,870697884,870749000,824477000,ATHM
2020-03-31,CNY,2064552000,2329662000,265110000,265110000,1102529000,59688000,300191000,962023000,None,137391000,137391000,None,None,None,None,46467,1222294000,114101000,None,587263000,None,1102482533,1102529000,1108073000,ATHM
2019-12-31,CNY,2064552000,2329662000,265110000,265110000,1102529000,59688000,300191000,962023000,None,117536000,117536000,0,None,0,None,None,1222294000,114101000,None,1108193000,None,1222294000,1102529000,1108073000,ATHM
2019-09-30,CNY,1923101000,2170199000,247098000,247098000,640546000,108714000,361687000,1282555000,None,124008000,124008000,0,None,0,None,44646,763265000,119450000,None,643815000,None,641917354,641962000,643705000,ATHM
2019-06-30,CNY,2045332000,2308962000,263630000,263630000,835260000,81807000,360603000,1210072000,None,114206000,114206000,0,None,0,None,40963,949377000,147285000,None,802092000,None,835219037,835260000,801879000,ATHM
2019-03-31,CNY,1937683000,2187782000,250099000,250099000,899159000,65326000,296076000,1038524000,None,114221000,112639000,0,None,0,None,40374,990903000,-21771000,None,646545000,None,657416626,899159000,1015282000,ATHM
2018-12-31,CNY,1937683000,2187782000,250099000,250099000,899159000,65326000,296076000,1038524000,None,None,None,0,None,0,None,None,990903000,-21771000,None,3111630.40,None,990902000,899159000,1015282000,ATHM
2018-09-30,CNY,1673075000,1888432000,215357000,215357000,698201000,100269000,297259000,974874000,None,None,None,0,None,0,None,None,830752000,150702000,None,99004207.37,None,830752000,698201000,681321000,ATHM
2018-06-30,CNY,1660192000,1868883000,208691000,208691000,748359000,86371000,313121000,911833000,None,None,None,0,None,0,None,None,834408000,145054000,None,103382423.52,None,834408000,748359000,691630000,ATHM
2018-03-31,CNY,1428766000,1751441000,322675000,322675000,601515000,54456000,266223000,832196000,None,None,None,0,None,None,None,-4945000,659272000,-68904000,None,76658546.29,None,601515000,596570000,730398000,ATHM
2017-12-31,CNY,1428766000,1751441000,322675000,322675000,601515000,54456000,266223000,832196000,None,None,None,0,None,None,None,-4945000,659272000,-68904000,None,2143422000,None,601515000,596570000,730398000,ATHM
2017-09-30,CNY,1244384000,1548412000,304028000,304028000,527162000,87438000,207450000,714372000,None,None,None,0,None,None,None,2850000,591043000,165974000,None,309563000,None,527162000,530012000,426080000,ATHM
2017-06-30,CNY,1274578000,1561968000,287390000,287390000,567243000,79676000,215374000,706779000,None,None,None,0,None,None,None,556000,617506000,101227000,None,-783461000,None,567243000,567799000,517724000,ATHM
2017-03-31,CNY,1053932000,2014865000,960933000,960933000,273629000,95021000,167701000,773745000,None,None,None,0,None,None,None,6558000,304535000,-71035000,None,324935000,None,273629000,280187000,376495000,ATHM
2016-12-31,CNY,1053932000,2014865000,960933000,960933000,273629000,95021000,167701000,773745000,None,None,None,0,None,None,None,6558000,304535000,-71035000,None,1216223000,None,273629000,280187000,376495000,ATHM
2016-09-30,CNY,889823000,1474915000,585092000,585092000,294529000,62499000,148946000,594236000,None,None,None,0,None,None,None,1058000,317143000,65858000,None,0,None,294529000,295587000,260924000,ATHM
2016-06-30,CNY,914630000,1378380000,463750000,463750000,391774000,77257000,139217000,517455000,None,None,None,0,None,None,None,5401000,415606000,70889000,None,0,None,391774000,397175000,345844000,ATHM
2016-03-31,CNY,710071000,1093461000,383390000,383390000,193437000,72017000,115490000,515698000,None,None,None,0,None,None,None,936000,211568000,-33083000,None,0,None,193437000,194373000,244651000,ATHM
2015-12-31,CNY,812522000,1081470000,268948000,268948000,334520000,67220000,81268000,469649000,None,None,None,0,None,None,None,8353000,359951000,70937000,None,990649000,None,334520000,342873000,289014000,ATHM
2015-09-30,CNY,738869000,898586000,159717000,159717000,285637000,43895000,73777000,452552000,None,None,None,0,None,None,None,680000,301923000,70772000,None,0,None,285637000,286317000,231151000,ATHM
2015-06-30,CNY,723695000,861015000,137320000,137320000,378037000,40552000,60855000,341734000,None,None,None,0,None,None,None,3924000,398565000,93635000,None,0,None,378037000,381961000,304930000,ATHM
2015-03-31,CNY,519768000,622904000,103136000,103136000,201613000,41988000,58008000,318048000,None,None,None,0,None,None,None,107000,215752000,50198000,None,0,None,201613000,201720000,165554000,ATHM
2014-12-31,CNY,616179000,739114000,122935000,122935000,301054000,42926000,51872000,313452000,None,None,None,0,None,None,None,11200000,313188000,63631000,None,748680000,None,301988000,313188000,249557000,ATHM
2014-09-30,CNY,448403000,545066000,96663000,96663000,201586000,27545000,41918000,245862000,None,None,None,0,None,None,None,30000000,212354000,41448000,None,0,None,182354000,212354000,170906000,ATHM
2014-06-30,CNY,413298000,506782000,93484000,93484000,253310000,29752000,35252000,160019000,None,None,None,0,None,None,None,-31000,262063000,55761000,None,0,None,253310000,253279000,206302000,ATHM
2014-03-31,CNY,273571000,341987000,68416000,68416000,148285000,29528000,29353000,125286000,None,None,None,0,None,None,None,None,153856000,31941000,None,0,None,153856000,148285000,121915000,ATHM
2013-12-31,CNY,298178000,385996000,87818000,87818000,149499000,28741000,23707000,146147000,None,None,None,68000,None,None,None,9481000,152031000,29354000,None,456162000,None,142550000,152031000,122677000,ATHM
2013-09-30,CNY,266198000,331235000,65037000,65037000,167540000,19123000,22293000,98595000,None,None,None,12000,None,None,None,8200000,169706000,33481000,None,0,None,161518000,169718000,136225000,ATHM
2013-06-30,CNY,237137000,294961000,57824000,57824000,145880000,16746000,19770000,88841000,None,None,None,0,None,None,None,2416000,152034000,29785000,None,0,None,145880000,148296000,122249000,ATHM
2013-03-31,CNY,162799000,204356000,41557000,41557000,91985000,17919000,15881000,70814000,None,None,None,0,None,None,None,None,94685000,19674000,None,0,None,94685000,91985000,75011000,ATHM
2012-12-31,CNY,172575000,221755000,49180000,49180000,80275000,33265000,13645000,90314000,None,None,None,0,None,None,None,6723000,82261000,38943000,None,0,None,82261000,88984000,43318000,ATHM
2012-09-30,CNY,0,33508000,6977000,6977000,14442000,11256000,2309000,0,None,None,None,0,None,None,None,None,14648000,3683000,None,0,None,0,None,10965000,ATHM
2012-06-30,CNY,0,27406000,6096000,6096000,12384000,7902000,1321000,0,None,None,None,0,None,None,None,None,12657000,2781000,None,0,None,0,None,9876000,ATHM
2012-03-31,CNY,0,20356000,4632000,4632000,7891000,6860000,1019000,0,None,None,None,0,None,None,None,None,7956000,1817000,None,0,None,0,None,6139000,ATHM
2011-12-31,CNY,51060000,68827000,17767000,17767000,27347000,20517000,2615000,0,None,None,None,0,None,None,None,None,27613000,6093000,None,0,None,0,None,20856000,ATHM
2010-12-31,CNY,25652000,38383000,12732000,12732000,14594000,10116000,942000,0,None,None,None,68000,None,None,None,None,14611000,2406000,None,12205000,None,14611000,None,13360000,ATHM
