fiscalDateEnding,reportedCurrency,grossProfit,totalRevenue,costOfRevenue,costofGoodsAndServicesSold,operatingIncome,sellingGeneralAndAdministrative,researchAndDevelopment,operatingExpenses,investmentIncomeNet,netInterestIncome,interestIncome,interestExpense,nonInterestIncome,otherNonOperatingIncome,depreciation,depreciationAndAmortization,incomeBeforeTax,incomeTaxExpense,interestAndDebtExpense,netIncomeFromContinuingOperations,comprehensiveIncomeNetOfTax,ebit,ebitda,netIncome,ticker
2024-12-31,CNY,117630000000,280154000000,162524000000,162524000000,41205000000,10851000000,14662000000,76425000000,None,8661000000,11146000000,2485000000,None,None,None,2062000000,57583000000,11149000000,None,46434000000,None,47376000000,49438000000,49127000000,BABA
2024-09-30,CNY,92474000000,236503000000,144029000000,144029000000,35246000000,9777000000,14182000000,57228000000,None,14702000000,18607000000,2427000000,None,None,None,1649000000,49948000000,7379000000,None,43547000000,None,52375000000,54024000000,44033000000,BABA
2024-06-30,CNY,95338000000,243236000000,147898000000,147898000000,35989000000,10135000000,13373000000,61141000000,None,-2188000000,None,2188000000,None,None,None,1792000000,32580000000,10063000000,None,24022000000,None,34768000000,36560000000,24390000000,BABA
2024-03-31,CNY,95338000000,243236000000,147898000000,147898000000,35989000000,13280000000,13373000000,59348999999,None,-7879000000,None,2188000000,None,None,None,7917999999,32579999999,10063000000,None,919000000,None,35989000001,43907000000,24390000000,BABA
2023-12-31,CNY,71695000000,221874000000,150179000000,150179000000,14765000000,14019000000,14085000000,56929999999,None,-5632000000,None,2177000000,None,None,None,8918999999,9848999999,5721999999,None,10717000000,None,10890000001,19809000000,3365000000,BABA
2023-09-30,CNY,104134000000,260348000000,156214000000,156214000000,22511000000,11261000000,13488000000,73133000000,None,3282000000,5136000000,5632000000,None,None,None,14601000000,17318000000,4988000000,None,26696000000,None,22950000000,37551000000,14555000000,BABA
2023-06-30,CNY,91809000000,234156000000,142347000000,142347000000,44521000000,34344000000,10465000000,189635000000,None,-7682000000,1784000000,7682000000,None,None,None,2494000000,36172000000,3758000000,None,33000000000,None,27044000000,29538000000,34242000000,BABA
2023-03-31,CNY,69377000000,208200000000,138823000000,138823000000,15240000000,37763000000,13880000000,192960000000,None,8760000000,10496000000,1736000000,None,None,None,2494000000,25308000000,3758000000,None,21996000000,None,27044000000,29538000000,23644000000,BABA
2022-12-31,CNY,69377000000,208200000000,138823000000,138823000000,27044000000,12832000000,13880000000,54137000000,None,13966000000,15516000000,1736000000,None,None,None,9336999999,25308000000,3758000000,None,45746000000,None,20201000001,29538000000,23644000000,BABA
2022-09-30,CNY,97751000000,247756000000,150005000000,150005000000,54723000000,10327000000,13521000000,60006000000,None,-43840000000,1388000000,1550000000,None,None,None,12644000000,50459000000,3820000000,None,-22467000000,None,37745000000,50389000000,46913000000,BABA
2022-06-30,CNY,75966000000,207176000000,131210000000,131210000000,25137000000,10591000000,15150000000,50829000000,None,4125000000,5369000000,43840000000,None,None,None,9875999999,-15759000000,2572000000,None,20298000000,None,20934000001,30810000000,-20433000000,BABA
2022-03-31,CNY,65107000000,204052000000,138945000000,138945000000,16717000000,34615000000,10944000000,48390000000,None,-37897000000,1189000000,1189000000,None,None,None,2831000000,-19560000000,2079000000,None,-18357000000,None,23860000000,26691000000,-16116000000,BABA
2021-12-31,CNY,95922000000,242580000000,146658000000,146658000000,7068000000,45171000000,15705000000,63713000000,None,17175000000,18361000000,1186000000,None,None,None,2837000000,29326000000,9553000000,None,19224000000,None,31285000000,34122000000,20546000000,BABA
2021-09-30,CNY,70940000000,200690000000,129750000000,129750000000,15006000000,37731000000,15297000000,55934000000,None,-12723000000,1267000000,1272300000,None,None,None,2906000000,3946000000,6087000000,None,3377000000,None,24298000000,27204000000,5488000000,BABA
2021-06-30,CNY,81643000000,205740000000,124097000000,124097000000,30847000000,34204000000,13302000000,69604000000,None,12834000000,12834000000,1160000000,None,None,None,3415000000,45838000000,7049000000,None,42835000000,None,2843000000,6258000000,45141000000,BABA
2021-03-31,CNY,61941000000,187395000000,125454000000,125454000000,-7663000000,27734000000,13519000000,50796000000,None,-1049000000,1049000000,1267000000,None,None,None,3073000000,-6597000000,9096000000,None,-7654000000,None,55431000000,58504000000,-5479000000,BABA
2020-12-31,CNY,99816000000,221084000000,121268000000,121268000000,49002000000,8692000000,13607000000,50814000000,None,38944000000,40036000000,1092000000,None,None,None,3172000000,90772000000,9194000000,None,77977000000,None,91864000000,95036000000,79535000000,BABA
2020-09-30,CNY,65099000000,155059000000,89960000000,89960000000,13634000000,11961000000,19245000000,51465000000,None,9409000000,10510000000,1101000000,None,None,None,2888000000,24191000000,1911000000,None,26524000000,None,25292000000,28180000000,28876000000,BABA
2020-06-30,CNY,69228000000,153751000000,84523000000,84523000000,34705000000,6837000000,11082000000,34523000000,None,21014000000,22137000000,1123000000,None,None,None,2952000000,57212000000,11124000000,None,46437000000,None,58335000000,61287000000,47533000000,BABA
2020-03-31,CNY,41812000000,114314000000,72502000000,72502000000,7131000000,7871000000,10587000000,34681000000,None,-8880000000,7715000000,8880000000,None,None,None,4044000000,-569000000,2628000000,None,348000000,None,8311000000,12355000000,3220000000,BABA
2019-12-31,CNY,77124000000,161456000000,84332000000,84332000000,39560000000,7415000000,11077000000,37564000000,None,15827000000,17136000000,1309000000,None,0,None,3272000000,56374000000,8407000000,None,50132000000,None,57683000000,60955000000,52174000000,BABA
2019-09-30,CNY,77124000000,161456000000,84332000000,84332000000,39560000000,7415000000,11077000000,37564000000,None,61988000000,63348000000,1309000000,None,0,None,3272000000,56374000000,8407000000,None,70748000000,None,57683000000,60955000000,52174000000,BABA
2019-06-30,CNY,54937000000,114924000000,59987000000,59987000000,24375000000,6320000000,10478000000,30562000000,None,-1159000000,187000000,1346000000,None,0,None,3066000000,25317000000,6712000000,None,19122000000,None,26663000000,29729000000,21448000000,BABA
2019-03-31,CNY,54937000000,114924000000,59987000000,59987000000,24375000000,6320000000,10478000000,30562000000,None,17362000000,17362000000,1346000000,None,0,None,3066000000,25317000000,6712000000,None,23379000000,None,26663000000,29729000000,21448000000,BABA
2018-12-31,CNY,56465000000,117278000000,60813000000,60813000000,26798000000,5853000000,8901000000,29667000000,None,None,None,1334000000,None,0,None,2809000000,37411000000,5586000000,None,654439607.58,None,38745000000,41554000000,33120000000,BABA
2018-09-30,CNY,38362000000,85148000000,46786000000,46786000000,13501000000,4779000000,8365000000,24861000000,None,None,None,1340000000,None,0,None,2611000000,17264000000,277000000,None,2655592598.52,None,18604000000,21215000000,20133000000,BABA
2018-06-30,CNY,37200000000,80920000000,43720000000,43720000000,8020000000,6645000000,11510000000,29180000000,None,None,None,1213000000,None,0,None,2104000000,13970000000,5665000000,None,1147270545.89,None,15183000000,17287000000,8720000000,BABA
2018-03-31,CNY,29428000000,61932000000,32504000000,32504000000,9221000000,4551000000,6686000000,20207000000,None,None,None,1175000000,None,None,None,1329000000,10875000000,4164000000,None,1057399888.54,None,12050000000,13379000000,7669000000,BABA
2017-12-31,CNY,47950000000,83028000000,35078000000,35078000000,25996000000,4572000000,6289000000,21460000000,None,None,None,844000000,None,None,None,2057000000,48447000000,6663000000,None,33986000000,None,49785000000,51842000000,24073000000,BABA
2017-09-30,CNY,47950000000,83028000000,35078000000,35078000000,25996000000,4572000000,6289000000,21460000000,None,None,None,844000000,None,None,None,2057000000,48447000000,6663000000,None,-24685000000,None,49291000000,51348000000,24073000000,BABA
2017-06-30,CNY,32724000000,50184000000,17460000000,17460000000,17513000000,3679000000,4696000000,15211000000,None,None,None,800000000,None,None,None,1986000000,20072000000,4653000000,None,14031000000,None,20872000000,22858000000,14683000000,BABA
2017-03-31,CNY,32724000000,50184000000,17460000000,17460000000,17513000000,3679000000,4696000000,15211000000,None,None,None,800000000,None,None,None,1986000000,20072000000,4653000000,None,24069000000,None,20872000000,22858000000,14683000000,BABA
2016-12-31,CNY,34122000000,53248000000,19126000000,19126000000,20664000000,3287000000,4420000000,13458000000,None,None,None,701000000,None,None,None,1261000000,23815000000,5110000000,None,17157000000,None,24516000000,25777000000,17855000000,BABA
2016-09-30,CNY,21169000000,34292000000,13123000000,13123000000,9045000000,2815000000,4134000000,12124000000,None,None,None,668000000,None,None,None,1297000000,9664000000,2022000000,None,0,None,10332000000,11629000000,7623000000,BABA
2016-06-30,CNY,20410000000,32154000000,11744000000,11744000000,8814000000,2743000000,3988000000,11596000000,None,None,None,626000000,None,None,None,1251000000,10701000000,2091000000,None,0,None,11327000000,12578000000,7550000000,BABA
2016-03-31,CNY,20410000000,32154000000,11744000000,11744000000,8814000000,2743000000,3988000000,11596000000,None,None,None,626000000,None,None,None,1251000000,10701000000,2091000000,None,71289000000,None,11327000000,12578000000,7550000000,BABA
2015-12-31,CNY,23592000000,34543000000,10951000000,10951000000,12434000000,2500000000,3749000000,10703000000,None,None,None,475000000,None,None,None,813000000,16510000000,3559000000,None,0,None,17440000000,18253000000,12498000000,BABA
2015-09-30,CNY,15040000000,22171000000,7131000000,7131000000,6395000000,2128000000,3225000000,8645000000,None,None,None,484000000,None,None,None,728000000,24490000000,1671000000,None,0,None,6395000000,7123000000,22754000000,BABA
2015-06-30,CNY,13534000000,20245000000,6711000000,6711000000,5161000000,2244000000,3241000000,8373000000,None,None,None,477000000,None,None,None,647000000,32617000000,1394000000,None,0,None,33094000000,33741000000,30843000000,BABA
2015-03-31,CNY,13534000000,20245000000,6711000000,6711000000,5161000000,2244000000,3241000000,8373000000,None,None,None,477000000,None,None,None,647000000,32617000000,1394000000,None,24320000000,None,33094000000,33741000000,30843000000,BABA
2014-12-31,CNY,11292000000,17425000000,6133000000,6133000000,2599000000,2477000000,3042000000,8693000000,None,None,None,475000000,None,None,None,643000000,4466000000,1203000000,None,0,None,4941000000,5584000000,2893000000,BABA
2014-09-30,CNY,11233000000,16829000000,5596000000,5596000000,4345000000,1960000000,2581000000,6888000000,None,None,None,521000000,None,None,None,598000000,4670000000,1339000000,None,-1387000000,None,5191000000,5789000000,3028000000,BABA
2014-06-30,CNY,11186000000,15771000000,4585000000,4585000000,6844000000,944000000,1952000000,4284000000,None,None,None,410000000,None,None,None,657000000,13973000000,1445000000,None,1387000000,None,6421000000,7078000000,12404000000,BABA
2014-03-31,CNY,8561000000,12031000000,3470000000,3470000000,5451000000,514000000,1200000000,2858000000,None,None,None,353000000,None,None,None,118000000,6917000000,1227000000,None,23403000000,None,7270000000,7388000000,5602000000,BABA
2013-12-31,CNY,14574000000,18745000000,4171000000,4171000000,8801000000,2046000000,1707000000,5773000000,None,None,None,387000000,None,None,None,123000000,9258000000,741000000,None,0,None,10070000000,10193000000,8326000000,BABA
2013-09-30,CNY,7949000000,10950000000,3001000000,3001000000,5248000000,793000000,1168000000,2657000000,None,None,None,374000000,None,None,None,39000000,5581000000,637000000,None,0,None,5955000000,5994000000,4943000000,BABA
2013-06-30,CNY,8051000000,10778000000,2727000000,2727000000,5420000000,865000000,1018000000,2631000000,None,None,None,1081000000,None,None,None,278000000,5046000000,591000000,None,0,None,6127000000,6405000000,4444000000,BABA
2013-03-31,CNY,6397000000,8674000000,2277000000,2277000000,4452000000,545000000,854000000,1616000000,None,None,None,67573002,None,None,None,191000000,4361000000,95000000,None,0,None,4452000000,4643000000,4197000000,BABA
2012-12-31,CNY,0,1880713000,438690000,438690000,846878000,555019000,189100000,0,None,None,None,0,None,None,None,None,0,0,None,0,None,0,None,0,BABA
2012-09-30,CNY,0,1198116000,350227000,350227000,382856000,428048000,142742000,0,None,None,None,0,None,None,None,None,0,0,None,0,None,0,None,0,BABA
2012-06-30,CNY,0,1069259000,309460000,309460000,369117000,354793000,133480000,0,None,None,None,0,None,None,None,None,0,0,None,0,None,0,None,0,BABA
2012-03-31,CNY,2252640000,806106000,245104000,245104000,215456000,310671000,118740000,0,None,None,None,10798000,None,None,None,None,874474000,133704000,None,0,None,0,None,220624000,BABA
2011-12-31,CNY,0,1048076000,297956000,297956000,335788000,378006000,132440000,0,None,None,None,0,None,None,None,None,0,0,None,0,None,0,None,241441000,BABA
2011-09-30,CNY,0,690856000,200332000,200332000,129618000,325519000,109825000,0,None,None,None,0,None,None,None,None,0,0,None,0,None,0,None,89409000,BABA
2011-06-30,CNY,0,634795000,183801000,183801000,136923000,282509000,99018000,0,None,None,None,0,None,None,None,None,0,0,None,0,None,0,None,119904000,BABA
