fiscalDateEnding,reportedCurrency,grossProfit,totalRevenue,costOfRevenue,costofGoodsAndServicesSold,operatingIncome,sellingGeneralAndAdministrative,researchAndDevelopment,operatingExpenses,investmentIncomeNet,netInterestIncome,interestIncome,interestExpense,nonInterestIncome,otherNonOperatingIncome,depreciation,depreciationAndAmortization,incomeBeforeTax,incomeTaxExpense,interestAndDebtExpense,netIncomeFromContinuingOperations,comprehensiveIncomeNetOfTax,ebit,ebitda,netIncome,ticker
2024-09-30,USD,179841000,2056889000,1877048000,1414424000,179841000,427946000,None,462624000,None,-23970000,None,23970000,2056889000,None,None,34678000,155871000,35694000,23970000,120177000,118671000,179841000,214519000,120177000,CACI
2024-06-30,USD,278874000,2119419000,1840545000,1328468000,197750000,476317000,None,512077000,None,-24301000,None,24301000,2038295000,None,None,35760000,173449000,38792000,24301000,134657000,134723000,197750000,233510000,134657000,CACI
2024-03-31,USD,153636000,1909788000,1756152000,1290903000,181304000,430134000,None,465249000,None,-27668000,None,27668000,1937456000,None,None,35115000,153636000,38286000,27668000,115350000,119223000,181304000,216419000,115350000,CACI
2023-12-31,USD,105786000,1806415000,1700629000,1255251000,133305000,409355000,None,445378000,None,-27519000,None,27519000,1833934000,None,None,36023000,105786000,21916000,27519000,83870000,76094000,133305000,169328000,83870000,CACI
2023-09-30,USD,111778000,1824576000,1712798000,1272918000,137349000,404633000,None,439880000,None,-25571000,None,25571000,1850147000,None,None,35247000,111778000,25731000,25571000,86047000,82278000,137349000,172596000,86047000,CACI
2023-06-30,USD,124984000,1679289000,1554305000,1108861000,148796000,410135000,None,445444000,None,-24156000,None,24156000,1703101000,None,None,35309000,124640000,16873000,24156000,107767000,126121000,148796000,184105000,107767000,CACI
2023-03-31,USD,131464000,1720700000,1589236000,1143781000,155034000,410235000,None,445455000,None,-23570000,None,23570000,1744270000,None,None,35220000,131464000,30722000,23570000,100742000,94766000,155034000,190254000,100742000,CACI
2022-12-31,USD,110925000,1629474000,1518549000,1094314000,130867000,388303000,None,424235000,None,-19942000,None,19942000,1649416000,None,None,35932000,110925000,23824000,19942000,87101000,102708000,130867000,166799000,87101000,CACI
2022-09-30,USD,116610000,1589566000,1472956000,1055772000,132803000,382081000,None,417184000,None,-16193000,None,16193000,1605759000,None,None,35103000,116610000,27485000,16193000,89125000,87165000,132803000,167906000,89125000,CACI
2022-06-30,USD,108975000,1631399000,1522424000,1080818000,119837000,406409000,None,441606000,None,-11266000,None,11266000,1642261000,None,None,35197000,108571000,15602000,11266000,92969000,84459000,119837000,155034000,92969000,CACI
2022-03-31,USD,116272000,1574896000,1458624000,1022181000,125356000,402227000,None,436443000,None,-9084000,None,9084000,1583980000,None,None,34216000,116272000,20855000,9084000,95417000,107691000,125356000,159572000,95417000,CACI
2021-12-31,USD,113098000,1474769000,1361671000,974018000,124107000,354977000,None,387653000,None,-11009000,None,11009000,1485778000,None,None,32676000,113098000,22799000,11009000,90299000,96298000,124107000,156783000,90299000,CACI
2021-09-30,USD,116631000,1480500000,1363869000,974171000,127029000,357106000,None,389698000,None,-10398000,None,10398000,1490898000,None,None,32592000,116631000,28522000,10398000,88109000,83561000,127029000,159621000,88109000,CACI
2021-06-30,USD,1564000000,1564000000,2617384000,1043407000,112050000,376788000,None,-3550577000,None,-11815000,None,11815000,1564000000,None,None,31755000,100235000,-36742000,11815000,112050000,139662000,112050000,143805000,136977000,CACI
2021-03-31,USD,542813000,1543048000,1000235000,1000235000,151438000,369015000,None,1769495000,None,-8954000,None,8954000,1551918000,None,None,31230000,142484000,22140000,8954000,120344000,127251000,151438000,182668000,120344000,CACI
2020-12-31,USD,512579000,1459710000,947131000,947131000,141539000,347807000,None,1674979000,None,-9087000,None,9087000,1468711000,None,None,32234000,132452000,25974000,9087000,106478000,122835000,141539000,173773000,106478000,CACI
2020-09-30,USD,509718000,1449652000,939934000,939934000,134424000,355004000,None,1680086000,None,-9980000,None,9980000,1459506000,None,None,30144000,124444000,30800000,9980000,93644000,103689000,134424000,164568000,93644000,CACI
2020-06-30,USD,1495581000,1495581000,2524968000,981678000,133676000,351427000,None,380417000,None,-10447000,None,10447000,1495581000,None,None,28800000,123229000,29498000,10447000,133676000,91667000,133676000,162476000,93731000,CACI
2020-03-31,USD,99683000,1451607000,953630000,953630000,113676000,371135000,None,398294000,None,-14087000,14087000,14087000,1465600000,None,None,27159000,99589000,19012000,14087000,80577000,48834000,113676000,140835000,80577000,CACI
2019-12-31,USD,95911000,1381193000,904867000,904867000,110187000,352448000,None,380415000,None,-14714000,14714000,14714000,1395469000,None,None,27967000,95473000,16278000,14714000,79195000,94145000,110187000,138154000,79195000,CACI
2019-09-30,USD,83810000,1347045000,878881000,878881000,100157000,357592000,None,384354000,None,-16811000,16811000,16811000,1363392000,None,None,26762000,83346000,15369000,16811000,67977000,57705000,100157000,126919000,67977000,CACI
2019-06-30,USD,1373878000,1373878000,1292782000,906420000,81096000,359282000,None,386432000,None,-18185000,18185000,18185000,1373878000,None,None,27080000,62911000,12881000,18548000,81096000,33912000,81096000,108176000,50030000,CACI
2019-03-31,USD,81442000,1251492000,1170050000,824024000,94908000,324828000,None,346026000,None,-13466000,13466000,13466000,1264958000,None,None,21198000,81442000,13297000,13466000,68145000,69129000,94908000,116106000,68145000,CACI
2018-12-31,USD,92842000,1172220000,1079378000,790849000,102263000,269677000,None,288529000,None,-9421000,None,9421000,1181641000,None,None,18852000,92842000,24246000,9421000,68596000,61382000,102263000,121115000,68596000,CACI
2018-09-30,USD,90714000,1156978000,1066264000,782760000,99600000,264757000,None,283504000,None,-8886000,None,8886000,1165864000,None,None,18747000,90714000,11881000,8886000,78833000,77055000,99600000,118347000,78833000,CACI
2018-06-30,USD,80340000,1170086000,1089746000,783326000,80340000,287787000,None,307409000,None,-9267000,None,9267000,1170086000,None,None,18633000,71073000,19242000,9371000,80340000,44119000,80340000,98973000,51831000,CACI
2018-03-31,USD,104794000,1124100000,1019306000,728444000,104794000,273145000,None,290862000,None,-10566000,None,10566000,1124100000,None,None,17717000,94228000,29729000,10566000,64499000,73622000,104794000,122511000,64499000,CACI
2017-12-31,USD,88262000,1087860000,999598000,727160000,88262000,254180000,None,272438000,None,-10956000,None,10956000,1087860000,None,None,18258000,77306000,-65489000,10956000,142795000,146599000,88262000,106520000,142795000,CACI
2017-09-30,USD,67304000,1085814000,1018510000,739678000,67304000,261244000,None,278832000,None,-11247000,None,11247000,1085814000,None,None,17588000,56057000,14011000,11247000,42046000,46917000,67304000,84892000,42046000,CACI
2017-06-30,USD,80094000,1137389000,1057295000,769038000,80094000,270395000,4197000,289852000,None,-11721000,None,11721000,975000,None,None,17862000,68373000,24142000,11721000,80094000,49815000,80094000,97956000,44231000,CACI
2017-03-31,USD,67254000,1086418000,1019164000,732224000,67254000,269237000,None,286940000,None,-12107000,None,12107000,None,None,None,17703000,55147000,14790000,12107000,40357000,43967000,67254000,84957000,40357000,CACI
2016-12-31,USD,80255000,1057530000,977275000,705321000,80255000,253822000,None,271954000,None,-12325000,None,12325000,None,None,None,18132000,67930000,25510000,12325000,42420000,46041000,80255000,98387000,42420000,CACI
2016-09-30,USD,69658000,1073280000,1003622000,728221000,69658000,257338000,None,276128000,None,-12489000,None,12489000,None,None,None,18063000,57169000,20506000,12489000,36663000,35815000,69658000,87721000,36663000,CACI
2016-06-30,USD,81084000,1113900000,1032816000,755580000,81084000,258597000,3230000,277236000,None,-12661000,None,12661000,None,None,None,18639000,68423000,24824000,12661000,81084000,32308000,81084000,99723000,43599000,CACI
2016-03-31,USD,63676000,977274000,913598000,647489000,63676000,249477000,None,266109000,None,-11115000,None,11115000,None,None,None,16632000,52561000,18445000,11115000,34028000,27177000,63676000,80308000,34116000,CACI
2015-12-31,USD,55483000,830437000,774954000,547140000,55482000,213144000,None,227814000,None,-8180000,None,8180000,None,None,None,14670000,47303000,16851000,8180000,30338000,30833000,55483000,70153000,30452000,CACI
2015-09-30,USD,64507000,822442000,757935000,537424000,64508000,205700000,None,220511000,None,-9182000,None,9182000,None,None,None,14811000,55325000,20693000,9182000,33802000,26358000,64507000,79318000,34632000,CACI
2015-06-30,USD,75079000,865506000,790427000,567446000,75079000,206996000,3911000,222981000,None,-8605000,None,8605000,-300000,None,None,15985000,66512000,25128000,300000,75079000,49959000,75117000,91102000,41384000,CACI
2015-03-31,USD,53715000,817797000,764082000,542841000,53715000,205174000,None,221241000,None,-8473000,None,8473000,None,None,None,16067000,45224000,16185000,8473000,29057000,19319000,53697000,69764000,29039000,CACI
2014-12-31,USD,47528000,815423000,767895000,546694000,47528000,204406000,None,221201000,None,-8600000,None,8600000,None,None,None,16795000,38934000,14292000,8600000,24636000,16189000,47534000,64329000,24642000,CACI
2014-09-30,USD,60059000,814726000,754667000,536604000,60059000,200827000,None,218063000,None,-9080000,None,9080000,None,None,None,17236000,50852000,19722000,9080000,31257000,26150000,59932000,77168000,31130000,CACI
2014-06-30,USD,69235000,905718000,836483000,612646000,69235000,205754000,3890000,191397000,None,-9834000,None,9834000,None,None,None,18083000,59327000,22793000,9834000,69235000,36612000,69161000,87244000,36534000,CACI
2014-03-31,USD,60532000,900393000,839861000,605780000,60532000,216164000,None,245561000,None,-11480000,None,11480000,None,None,None,17917000,48871000,18043000,11480000,31009000,30715000,60351000,78268000,30828000,CACI
2013-12-31,USD,66454000,894186000,827732000,606672000,66454000,204830000,None,230516000,None,-9456000,None,9456000,None,None,None,16230000,57050000,22088000,9456000,34910000,37657000,66506000,82736000,34962000,CACI
2013-09-30,USD,61182000,864265000,803083000,601422000,61182000,188710000,None,209049000,None,-7388000,None,7388000,None,None,None,12951000,53394000,20402000,7388000,33392000,39765000,60782000,73733000,32992000,CACI
2013-06-30,USD,67902000,912931000,845029000,627195000,67902000,204090000,2548000,226782000,None,-6510000,None,6510000,None,None,None,13744000,61111000,23173000,6510000,67902000,39001000,67621000,81365000,37938000,CACI
2013-03-31,USD,68620000,906196000,837576000,623125000,68620000,200684000,None,220746000,None,-6295000,None,6295000,None,None,None,13767000,62205000,23838000,6295000,38487000,32109000,68500000,82267000,38367000,CACI
2012-12-31,USD,69582000,931627000,862045000,639649000,69582000,209068000,None,232128000,None,-6231000,None,6231000,None,None,None,13328000,63047000,23371000,6231000,39980000,39935000,69278000,82606000,39676000,CACI
2012-09-30,USD,64737000,931236000,866499000,645637000,64737000,207623000,None,230044000,None,-6782000,None,6782000,None,None,None,13239000,57673000,21965000,6782000,35990000,38663000,64455000,77694000,35708000,CACI
2012-06-30,USD,76708000,948873000,872165000,651991000,76708000,206106000,None,230366000,None,-5788000,None,5788000,None,None,None,14068000,70630000,27233000,5788000,76708000,39251000,76418000,90486000,43397000,CACI
2012-03-31,USD,72781000,927962000,855181000,632570000,72781000,208843000,None,232638000,None,-6175000,None,6175000,None,None,None,13768000,66331000,25475000,6175000,41131000,44270000,72506000,86274000,40856000,CACI
2011-12-31,USD,74706000,973243000,898537000,679398000,74706000,204541000,None,229708000,None,-6538000,None,6538000,None,None,None,14598000,67949000,26888000,6538000,41280000,40008000,74487000,89085000,41061000,CACI
2011-09-30,USD,75654000,924395000,848741000,634931000,75654000,200282000,None,222622000,None,-5600000,None,5600000,None,None,None,13528000,70081000,27941000,5600000,42113000,39206000,75681000,89209000,42140000,CACI
2011-06-30,USD,78084000,963162000,885078000,685250000,78084000,185680000,None,223389000,None,-5646000,None,5646000,None,None,None,14148000,72225000,26324000,5646000,78084000,-59540000,77871000,92019000,45901000,CACI
2011-03-31,USD,61785000,913369000,851584000,645404000,61785000,191403000,None,211854000,None,-5674000,None,5674000,None,None,None,14777000,55824000,19397000,5674000,36714000,80526000,61498000,76275000,36427000,CACI
2010-12-31,USD,59435000,867278000,807843000,608536000,59435000,185247000,None,205298000,None,-5991000,None,5991000,None,None,None,14060000,53180000,19945000,5991000,33499000,62698000,59171000,73231000,33235000,CACI
2010-09-30,USD,52097000,833971000,781874000,589470000,52097000,179322000,None,198237000,None,-5833000,None,5833000,None,None,None,13082000,46094000,17439000,5833000,28825000,67226000,51927000,65009000,28655000,CACI
2010-06-30,USD,53971000,848717000,794746000,602726000,53971000,177887000,None,192020000,None,None,None,5479000,None,None,None,14133000,48098000,18198000,None,None,None,53577000,67710000,29900000,CACI
2010-03-31,USD,47322000,784169000,736847000,551191000,47322000,171451000,None,185656000,None,None,None,6488000,None,None,None,14205000,40763000,14055000,None,None,None,47251000,61456000,26708000,CACI
2009-12-31,USD,47461000,776727000,729266000,543117000,47461000,172603000,None,186149000,None,None,None,7124000,None,None,None,13546000,40285000,14233000,None,None,None,47409000,60955000,26052000,CACI
2009-09-30,USD,46028000,739518000,693490000,693490000,46028000,171795000,None,182950000,None,None,None,7262000,None,None,None,11155000,38540000,14685000,None,None,None,45802000,56957000,23855000,CACI
