fiscalDateEnding,reportedCurrency,grossProfit,totalRevenue,costOfRevenue,costofGoodsAndServicesSold,operatingIncome,sellingGeneralAndAdministrative,researchAndDevelopment,operatingExpenses,investmentIncomeNet,netInterestIncome,interestIncome,interestExpense,nonInterestIncome,otherNonOperatingIncome,depreciation,depreciationAndAmortization,incomeBeforeTax,incomeTaxExpense,interestAndDebtExpense,netIncomeFromContinuingOperations,comprehensiveIncomeNetOfTax,ebit,ebitda,netIncome,ticker
2024-12-31,USD,-5706000,1455000,7161000,454000,-5423000,6831000,171000,6878000,None,-2621000,None,2621000,1455000,421000,None,-33000,-8077000,-398000,None,-20314000,-7654000,-5423000,-5456000,-7679000,CARA
2024-09-30,USD,-9920000,2556000,12476000,1020000,-5988000,6475000,1362000,8544000,None,-1960000,None,1960000,2556000,766000,None,73000,-12476000,0,None,-5222000,-12380000,-5988000,-10443000,-12476000,CARA
2024-06-30,USD,-9487000,991000,10478000,1489000,-17306000,6408000,9308000,18297000,None,-1910000,None,1910000,991000,689000,None,77000,-20016000,0,None,-16617000,-19946000,-17306000,-18029000,-20016000,CARA
2024-03-31,USD,-7082000,2135000,9217000,662000,-29666000,6816000,21964000,31801000,None,-1982000,None,1982000,2135000,952000,None,42000,-30696000,0,None,-28714000,-30627000,-29666000,-28672000,-30696000,CARA
2023-12-31,USD,-4110000,3004000,7114000,690000,-32607000,6588000,28415000,35611000,None,None,None,604000,3004000,874000,None,82000,-32337000,0,None,-31733000,-32158000,-32607000,-31651000,-32337000,CARA
2023-09-30,USD,-1889000,4866000,6755000,1558000,-28898000,6755000,25451000,33764000,None,None,None,None,4866000,866000,None,521000,-28032000,0,None,-28032000,-27741000,-28898000,-28839000,-28032000,CARA
2023-06-30,USD,-612000,6933000,7545000,1418000,-32340000,7545000,30310000,39273000,None,None,None,None,6933000,861000,None,444000,-31479000,0,None,-31479000,-31108000,-32340000,-32280000,-31479000,CARA
2023-03-31,USD,-726000,6165000,6891000,2590000,-27650000,6891000,24334000,33815000,None,None,None,985000,6165000,985000,None,41584,-26665000,0,None,-26665000,-26094000,-27650000,-27592000,-26665000,CARA
2022-12-31,USD,-3201000,3261000,6462000,2130000,-31307000,6428000,26010000,34568000,None,None,None,61000,3261000,968000,None,54880,-30339000,0,None,-30339000,-29863000,-31307000,-31307000,-30339000,CARA
2022-09-30,USD,3901000,10813000,6912000,3055000,-23845000,6912000,24691000,34658000,None,None,None,61000,10813000,665000,None,27081,-23180000,0,None,-23180000,-23281000,-23845000,-23845000,-23180000,CARA
2022-06-30,USD,15433000,23003000,7570000,414000,-4472000,7570000,19905000,27475000,None,None,None,266000,23003000,266000,None,86065,-4206000,0,None,-4206000,-4530000,-4472000,-4409000,-4206000,CARA
2022-03-31,USD,-4557000,4790000,9347000,2081000,-27911000,9347000,21273000,32701000,None,None,None,162000,4790000,162000,None,60459,-27749000,0,None,-27749000,-29114000,-27911000,-27848000,-27749000,CARA
2021-12-31,USD,-10691000,821000,11512000,None,-33522000,11512000,22831000,34343000,None,None,None,None,821000,140000,None,71391,-33382000,0,None,-33382000,-33741000,-33522000,-33522000,-33382000,CARA
2021-09-30,USD,14390000,20272000,5882000,None,-1124000,5882000,15514000,21396000,None,None,None,None,20272000,111000,None,54000,-1013000,0,None,-1013000,-1007000,-1124000,-1062000,-1013000,CARA
2021-06-30,USD,-5651000,0,5651000,None,-30876000,5651000,25225000,30876000,None,None,None,None,0,131000,None,55806,-30745000,0,None,-30745000,-30762000,-30876000,-30815000,-30745000,CARA
2021-03-31,USD,-4321000,2044000,6365000,None,-23561000,6365000,19131000,25496000,None,None,None,None,2044000,260000,None,55213,-23301000,0,None,-23301000,-23362000,-23561000,-23498000,-23301000,CARA
2020-12-31,USD,112089000,112089000,6659000,None,78290000,6659000,27140000,33799000,None,None,None,None,112089000,364000,None,55131,78654000,-255000,None,78290000,78619000,78290000,78352000,78909000,CARA
2020-09-30,USD,4113000,9332000,5219000,None,-17020000,5219000,21067000,26286000,None,None,None,None,9332000,379000,None,52750,-16641000,-132000,None,-16509000,-16781000,-17020000,-16969000,-16509000,CARA
2020-06-30,USD,284000,5694000,5410000,None,-25884000,5410000,26108000,31518000,None,None,None,None,5694000,634000,None,51116,-25250000,-182000,None,-25068000,-24365000,-25884000,-25836000,-25068000,CARA
2020-03-31,USD,3535000,8093000,4558000,None,-30001000,4558000,33536000,38094000,None,None,957000,None,8093000,957000,None,47300,-29044000,-122000,None,-28922000,-29160000,-30001000,-29953000,-28922000,CARA
2019-12-31,USD,4511000,4511000,4617000,29864000,-29970000,4617000,29864000,34481000,None,None,1193000,None,4511000,1193000,None,46467,-28777000,-166000,None,4511000,-28594000,-29970000,-29970000,-28611000,CARA
2019-09-30,USD,1559000,5785000,4226000,35992000,-34433000,4226000,35992000,40218000,None,None,1261000,None,5785000,1261000,None,44646,-33172000,-330000,None,-32842000,-32854000,-34433000,-34383000,-32842000,CARA
2019-06-30,USD,214000,5208000,4994000,24356000,-24142000,4994000,24356000,29350000,None,None,947000,None,5208000,947000,None,40963,-23195000,-235000,None,-22960000,-22868000,-24142000,-24092000,-22960000,CARA
2019-03-31,USD,474000,4382000,3908000,23608000,-23134000,3908000,23608000,27516000,None,None,1089000,None,4382000,1089000,None,40374,-22045000,-85000,None,-21960000,-21773000,-23134000,-23084000,-21960000,CARA
2018-12-31,USD,5533000,5533000,4711000,22799000,-21977000,4711000,22799000,27510000,None,None,None,None,5533000,1200000,None,52000,-20777000,-125000,None,5533000,-20779000,-21977000,-21977000,-20652000,CARA
2018-09-30,USD,1835000,5062000,3227000,22303000,-20468000,3227000,22303000,25530000,None,None,None,None,5062000,1002000,None,79000,-19466000,-66000,None,-19400000,-19330000,-20468000,-20389000,-19400000,CARA
2018-06-30,USD,-811000,2874000,3685000,17002000,-17813000,3685000,17002000,20687000,None,None,None,None,2874000,467000,None,114000,-17346000,-152000,None,-17194000,-17137000,-17813000,-17699000,-17194000,CARA
2018-03-31,USD,-3697000,0,3697000,13427000,-17124000,3697000,13427000,17124000,None,None,None,None,-15000,311000,None,125000,-16813000,-46000,None,-16767000,-16811000,-17124000,-16999000,-16767000,CARA
2017-12-31,USD,-2995000,0,2995000,14446000,-14571000,2995000,11576000,14571000,None,None,None,None,0,368000,None,125000,-14203000,-26000,None,-14177000,-14287000,-14571000,-14571000,-14177000,CARA
2017-09-30,USD,-3805000,0,3805000,12831000,-12956000,3805000,9151000,12956000,None,None,None,None,28000,367000,None,125000,-12589000,-145000,None,-12444000,-12391000,-12956000,-12831000,-12444000,CARA
2017-06-30,USD,-2672000,0,2672000,9510000,-9633000,2672000,6961000,9633000,None,None,None,None,None,331000,None,123000,-9302000,-2000,None,-9300000,-9337000,-9633000,-9510000,-9300000,CARA
2017-03-31,USD,-1489000,911000,2400000,23114000,-22325000,2400000,20836000,23236000,None,None,None,None,None,90000,None,122000,-22235000,-31000,None,-22204000,-22183000,-22325000,-22203000,-22204000,CARA
2016-12-31,USD,-2038000,0,2038000,22315000,-22315000,2038000,20277000,22315000,None,None,None,None,None,154000,None,119000,-22160000,-189000,None,-21972000,-21989000,-22315000,-22315000,-21971000,CARA
2016-09-30,USD,-2102000,0,2102000,11773000,-11773000,2102000,9671000,11773000,None,None,None,None,None,176000,None,97000,-11597000,-55000,None,-11542000,-11563000,-11773000,-11676000,-11542000,CARA
2016-06-30,USD,-2566000,79000,2645000,13045000,-13326000,2645000,10760000,13405000,None,None,None,None,None,172000,None,519000,-13154000,-79000,None,-13075000,-13038000,-13326000,-12807000,-13075000,CARA
2016-03-31,USD,-2440000,7000,2447000,10454000,-10986000,2447000,8546000,10993000,None,None,None,None,None,149000,None,730000,-10837000,-145000,None,-10692000,-10653000,-10986000,-10256000,-10692000,CARA
2015-12-31,USD,-2161000,0,2161000,9470000,-9729000,2161000,7568000,9729000,None,None,None,None,None,52000,None,259000,-9677000,-147000,None,-9530000,-9565000,-9729000,-9729000,-9530000,CARA
2015-09-30,USD,575000,2440000,1865000,7255000,-5009000,1865000,5584000,7449000,None,None,None,22000,None,22000,None,194000,-4987000,-200000,None,-4787000,-4787000,-5009000,-4815000,-4787000,CARA
2015-06-30,USD,-1048000,874000,1922000,6413000,-5732000,1922000,4684000,6606000,None,None,None,13000,None,13000,None,193000,-5719000,-35000,None,-5684000,-5684000,-5732000,-5539000,-5684000,CARA
2015-03-31,USD,-1333000,489000,1822000,5014000,-4718000,1822000,3385000,5207000,None,None,None,14000,None,14000,None,193000,-4704000,-15000,None,-4689000,-4689000,-4718000,-4525000,-4689000,CARA
2014-12-31,USD,914000,914000,1791000,5057000,-4336000,1791000,3459000,5250000,None,None,None,126000,None,None,None,193000,-4314000,-142000,None,914000,-4172000,-4336000,-4336000,-4172000,CARA
2014-09-30,USD,-395000,1125000,1520000,7531000,-6603000,1520000,6208000,7728000,None,None,None,26000,None,None,None,197000,-6577000,-32000,None,-6545000,-6545000,-6603000,-6406000,-6545000,CARA
2014-06-30,USD,-512000,960000,1472000,4476000,-3712000,1472000,3200000,4672000,None,None,None,56000,None,None,None,196000,-3656000,-11000,None,-3645000,-3645000,-3712000,-3516000,-3645000,CARA
2014-03-31,USD,-1220000,178000,1398000,3402000,-3421000,1398000,2201000,3599000,None,None,None,22000,None,None,None,197000,-3399000,-16000,None,-3383000,-3383000,-3421000,-3224000,-3383000,CARA
2013-12-31,USD,973000,973000,2481000,2481000,-2105000,1100000,1978000,3078000,None,None,None,3756000,None,None,None,197000,-2096000,-3000,None,None,None,-2105000,-2105000,-2093000,CARA
2013-09-30,USD,1018000,1018000,4362000,4362000,-3541000,795000,3764000,4559000,None,None,None,None,None,None,None,197000,-4575000,0,None,None,None,-3541000,-3344000,-4575000,CARA
2013-06-30,USD,9973000,9973000,2857000,2857000,6919000,1033000,2021000,3054000,None,None,None,None,None,None,None,197000,5317000,-20000,None,None,None,6919000,7116000,5337000,CARA
2013-03-31,USD,None,None,1312000,1312000,-1510000,588000,922000,1510000,None,None,None,None,None,None,None,198000,-2639000,-7000,None,None,None,-1510000,-1312000,-2632000,CARA
