fiscalDateEnding,reportedCurrency,grossProfit,totalRevenue,costOfRevenue,costofGoodsAndServicesSold,operatingIncome,sellingGeneralAndAdministrative,researchAndDevelopment,operatingExpenses,investmentIncomeNet,netInterestIncome,interestIncome,interestExpense,nonInterestIncome,otherNonOperatingIncome,depreciation,depreciationAndAmortization,incomeBeforeTax,incomeTaxExpense,interestAndDebtExpense,netIncomeFromContinuingOperations,comprehensiveIncomeNetOfTax,ebit,ebitda,netIncome,ticker
2024-12-31,USD,37920000,173511000,135591000,None,23164000,9706000,None,-1648000,None,116133000,None,None,57378000,None,None,812000,37721000,6294000,None,31626000,-6096000,23164000,23976000,31427000,CASH
2024-09-30,USD,166256000,167932000,838000,None,166256000,9376000,None,18084000,None,115922000,None,None,52010000,None,None,924000,36638000,3041000,None,166256000,88195000,166256000,167180000,33597000,CASH
2024-06-30,USD,47170000,176730000,129560000,None,30708000,9070000,None,16462000,None,110859000,None,None,65871000,None,None,983000,46958000,5123000,None,42047000,40413000,30708000,31691000,41835000,CASH
2024-03-31,USD,80763000,247246000,166483000,None,62076000,9293000,None,18687000,None,118301000,126761000,8460000,128945000,None,None,1240000,80514000,15246000,8460000,65517000,47131000,88974000,90214000,65268000,CASH
2023-12-31,USD,33633000,162797000,129164000,None,21749000,8848000,None,11884000,None,110036000,115898000,5862000,52761000,None,None,984000,33376000,5719000,5862000,27914000,94667000,39238000,40222000,27657000,CASH
2023-09-30,USD,142901000,160985000,9042000,None,142901000,9274000,None,31355000,None,104934000,109642000,4708000,56051000,None,None,1110000,33234000,-2672000,4708000,142901000,-11641000,37942000,39052000,35906000,CASH
2023-06-30,USD,48847000,165198000,116351000,None,31246000,8595000,None,17601000,None,97465000,99346000,1881000,67733000,None,None,1168000,48339000,3243000,1881000,45604000,25029000,50220000,51388000,45096000,CASH
2023-03-31,USD,64544000,228443000,163899000,None,49178000,8510000,None,15366000,None,101405000,104687000,3282000,127038000,None,None,1435000,63947000,9176000,3282000,55368000,68632000,67229000,68664000,54771000,CASH
2022-12-31,USD,34999000,149834000,114835000,None,25970000,8312000,None,-971000,None,84057000,85060000,1003000,65777000,None,None,1258000,34442000,6577000,1003000,28399000,39232000,35445000,36703000,27842000,CASH
2022-09-30,USD,123216000,123216000,-2648000,None,123216000,9064000,None,76371000,None,79760000,80222000,462000,43456000,None,None,1397000,22148000,-1272000,462000,123216000,-58253000,22610000,24007000,23420000,CASH
2022-06-30,USD,30797000,126145000,95348000,None,7205000,8996000,None,23592000,None,72151000,73906000,1755000,53994000,None,None,1531000,29349000,6958000,1755000,23839000,-39642000,31104000,32635000,22391000,CASH
2022-03-31,USD,58104000,193566000,135462000,None,38088000,8500000,None,20016000,None,83800000,85177000,1377000,109766000,None,None,2169000,57253000,8002000,1377000,50102000,-20847000,58630000,60799000,49251000,CASH
2021-12-31,USD,75582000,158204000,82622000,None,109560000,8349000,None,-83978000,None,71613000,72891000,1278000,86591000,None,None,1488000,75600000,14276000,1278000,61306000,54449000,76878000,78366000,61324000,CASH
2021-09-30,USD,102659000,120210000,8775000,None,102659000,8252000,None,27078000,None,70667000,72056000,1389000,49542000,None,None,1761000,17004000,1101000,1389000,102659000,8280000,18393000,20154000,15903000,CASH
2021-06-30,USD,44793000,130928000,86135000,None,29299000,7381000,None,15494000,None,68475000,69983000,1508000,62453000,None,None,2014000,43635000,4934000,1508000,39859000,41114000,45143000,47157000,38701000,CASH
2021-03-31,USD,61042000,187303000,126261000,None,44997000,6748000,None,16045000,None,73850000,75669000,1819000,113453000,None,None,2757000,60199000,1133000,1819000,59909000,51756000,62018000,64775000,59066000,CASH
2020-12-31,USD,32790000,111454000,78664000,None,18713000,6888000,None,14077000,None,65999000,68146000,2147000,45455000,None,None,2013000,31570000,3533000,2147000,32790000,30614000,33717000,35730000,28037000,CASH
2020-09-30,USD,87303000,105263000,8980000,None,87303000,6826000,None,34420000,None,64513000,68407000,3894000,40750000,None,None,2283000,14949000,1791000,3894000,87303000,22705000,18843000,21126000,13158000,CASH
2020-06-30,USD,16851000,103185000,86334000,None,5792000,6502000,None,11059000,None,62137000,67406000,5269000,41048000,None,None,2637000,15764000,-2426000,5269000,16851000,24531000,21033000,23670000,18190000,CASH
2020-03-31,USD,59225000,188250000,129025000,None,42410000,7013000,None,-2460000,None,67737000,79403000,11666000,120513000,None,None,3401000,57921000,5617000,11666000,59225000,50063000,69587000,72988000,52304000,CASH
2019-12-31,USD,22929000,102134000,79205000,None,6286000,6655000,None,16643000,None,64651000,77625000,12974000,37483000,None,None,2676000,21748000,680000,12974000,22929000,18624000,34722000,37398000,21068000,CASH
2019-09-30,USD,93355000,101597000,4121000,None,93355000,8913000,None,11116000,None,65617000,80828000,15211000,35980000,None,None,3459000,20065000,-130000,15211000,93355000,24226000,35276000,38735000,20195000,CASH
2019-06-30,USD,29178000,110758000,81580000,None,17249000,7764000,None,11929000,None,66968000,81632000,14664000,43790000,None,None,4374000,28133000,-1158000,14664000,29178000,41863000,42797000,47171000,29291000,CASH
2019-03-31,USD,28318000,176375000,148057000,4485000,15792000,8118000,None,12526000,None,71350000,88294000,16944000,105025000,None,4485000,5595000,31725000,-395000,16944000,32803000,51043000,48669000,54264000,32120000,CASH
2018-12-31,USD,25062000,98023000,72961000,7765000,9252000,7434000,None,15810000,None,60272000,74976000,14704000,37751000,None,7765000,4383000,13707000,-1691000,14704000,14629000,19798000,28411000,32794000,15398000,CASH
2018-09-30,USD,63738000,68444000,4706000,None,63738000,6958000,None,20960000,None,48537000,60202000,11665000,24613000,None,None,3664000,1131000,-7591000,11665000,63738000,4212000,12796000,16460000,8722000,CASH
2018-06-30,USD,13051000,61636000,54368000,None,3169000,5437000,None,9882000,None,28411000,34104000,5693000,33225000,None,None,1665000,7268000,476000,5693000,6792000,-644000,12961000,14626000,6792000,CASH
2018-03-31,USD,31121000,124824000,86840000,None,-12409000,37560000,None,43530000,None,27405000,33371000,5966000,97419000,None,None,2731000,37984000,6548000,5966000,31436000,4488000,43950000,46681000,31436000,CASH
2017-12-31,USD,19942000,55464000,45110000,None,-14048000,28197000,None,33990000,None,26196000,30857000,4661000,29268000,None,None,1681000,10354000,5684000,4661000,4670000,1286000,15015000,16696000,4670000,CASH
2017-09-30,USD,14576000,24632000,10056000,None,4376000,27188000,None,10200000,None,24488000,28949000,4461000,29833000,None,None,1968000,719000,-1025000,4461000,4232000,3513000,5180000,7148000,1744000,CASH
2017-06-30,USD,21292000,64751000,43459000,None,-8922000,26952000,None,30214000,None,24943000,28861000,3918000,30820000,None,None,1888000,12304000,2517000,3918000,9787000,17170000,16222000,18110000,9787000,CASH
2017-03-31,USD,42357000,117951000,75594000,None,1811000,31959000,None,40546000,None,23966000,27718000,3752000,92170000,None,None,7082000,40541000,8399000,3752000,32142000,37179000,44293000,51375000,32142000,CASH
2016-12-31,USD,9320000,46916000,37596000,None,-19607000,22660000,None,28927000,None,19833000,22575000,2742000,19349000,None,None,1525000,1586000,342000,2742000,1244000,-26698000,4328000,5853000,1244000,CASH
2016-09-30,USD,18797000,19345000,548000,None,18797000,18836000,None,26816000,None,19893000,21729000,1836000,19228000,None,None,1384000,7350000,1344000,1836000,19345000,3334000,9186000,10570000,6006000,CASH
2016-06-30,USD,15609000,49334000,33725000,None,-5214000,19602000,None,20823000,None,19919000,20763000,844000,23807000,None,None,1216000,10001000,1128000,844000,10001000,20137000,10845000,12061000,8873000,CASH
2016-03-31,USD,24016000,66979000,42963000,None,1492000,21665000,None,22524000,None,19938000,20629000,691000,40901000,None,None,1215000,17876000,3593000,691000,17876000,24532000,18567000,19782000,14283000,CASH
2015-12-31,USD,9052000,39846000,30794000,None,-12157000,18877000,None,21209000,None,17555000,18275000,720000,16834000,None,None,1213000,3595000,-463000,720000,3595000,5684000,4315000,5528000,4058000,CASH
2015-09-30,USD,15455000,15579000,124000,None,15455000,16083000,None,17622000,None,15703000,16363000,660000,15106000,None,None,-759000,4484000,-155000,660000,15579000,12482000,5144000,4385000,4639000,CASH
2015-06-30,USD,8883000,34056000,25173000,None,-7965000,15732000,None,16848000,None,14661000,15254000,593000,15424000,None,None,361000,4912000,272000,593000,4912000,-6009000,5505000,5866000,4640000,CASH
2015-03-31,USD,9853000,33866000,24013000,None,-6318000,15175000,None,16171000,None,15285000,15758000,473000,14970000,None,None,362000,6243000,1062000,473000,6243000,8915000,6716000,7078000,5181000,CASH
2014-12-31,USD,7748000,30209000,22461000,None,-7397000,13788000,None,14619000,None,13571000,14232000,661000,12674000,None,None,136000,3784000,189000,661000,3784000,8532000,4445000,4581000,3595000,CASH
2014-09-30,USD,11202000,11752000,550000,None,11202000,12646000,None,14174000,None,12302000,12869000,567000,12607000,None,None,None,3769000,406000,567000,11752000,5372000,4336000,None,3363000,CASH
2014-06-30,USD,9178000,27715000,18537000,None,-3576000,12214000,None,12754000,None,11928000,12566000,638000,12481000,None,None,20000,5272000,1068000,638000,5272000,14272000,5910000,5930000,4204000,CASH
2014-03-31,USD,4239000,24282000,20043000,None,-9612000,10570000,None,14393000,None,11519000,12063000,544000,13063000,None,None,20000,4539000,395000,544000,4539000,13152000,5083000,5103000,4144000,CASH
2013-12-31,USD,5039000,24100000,19061000,None,-7900000,9505000,None,13556000,None,10513000,11162000,649000,13587000,None,None,16000,5039000,1037000,649000,5039000,-206000,5688000,5704000,4002000,CASH
2013-09-30,USD,8561000,8861000,300000,None,8561000,8741000,None,642000,None,9161000,9803000,642000,13439000,None,None,None,4584000,1110000,642000,8561000,1084000,5226000,None,3474000,CASH
2013-06-30,USD,4694000,22718000,18024000,None,-7776000,9099000,None,13097000,None,9159000,9825000,666000,13559000,None,None,None,4694000,1022000,666000,4694000,-14448000,5360000,None,3672000,CASH
2013-03-31,USD,4015000,24300000,20285000,None,-8794000,9608000,None,13535000,None,8905000,9718000,813000,15095000,None,None,None,3715000,568000,813000,3715000,-2179000,4528000,None,3147000,CASH
2012-12-31,USD,4129000,22207000,18078000,None,-7695000,8867000,None,13050000,9630000,8797000,9630000,833000,13410000,None,None,16000,4129000,1004000,833000,4129000,163000,4962000,4978000,3125000,CASH
2012-09-30,USD,7393000,7393000,18388000,None,7393000,8167000,None,841000,None,7393000,8234000,841000,13405000,None,None,None,2410000,744000,841000,7393000,6671000,3251000,None,1666000,CASH
2012-06-30,USD,3226000,21447000,18221000,None,-8565000,8847000,None,12648000,None,8292000,9149000,857000,13706000,None,None,None,3777000,1390000,857000,3777000,5994000,4634000,None,2387000,CASH
2012-03-31,USD,15579000,35992000,20413000,None,2812000,8660000,None,13655000,None,9411000,10299000,888000,26781000,None,None,None,15779000,5809000,888000,9970000,2019000,16667000,None,9970000,CASH
2011-12-31,USD,4131000,23621000,19490000,None,-6851000,7618000,None,11946000,9615000,8638000,9615000,977000,15682000,None,None,6000,4830000,1739000,977000,3091000,4607000,5807000,None,3091000,CASH
2011-09-30,USD,8284000,8537000,253000,None,8284000,7936000,None,1089000,None,8790000,9879000,1089000,14007000,None,None,None,3463000,1271000,1089000,8284000,2315000,4552000,None,2192000,CASH
2011-06-30,USD,-1455000,17696000,19151000,None,-12276000,7681000,None,11974000,None,8827000,9980000,1153000,8708000,None,None,None,-1616000,-596000,1153000,-1020000,5520000,-463000,None,-1020000,CASH
2011-03-31,USD,None,None,None,None,None,None,None,None,None,8417000,9580000,1163000,19470000,None,None,None,4422000,1675000,None,None,2518000,5585000,None,2747000,CASH
2010-12-31,USD,None,None,None,None,None,None,None,None,None,8278000,9620000,1342000,15306000,None,None,None,1994000,1273000,None,None,-975000,3336000,None,721000,CASH
2010-09-30,USD,None,None,None,None,None,None,None,None,None,8112000,9522000,1410000,18977000,None,None,None,3974000,1485000,None,None,1356000,5384000,None,2489000,CASH
2010-06-30,USD,None,None,None,None,None,None,None,None,None,8658000,10114000,1456000,18793000,None,None,None,5683000,2145000,None,None,9016000,7139000,None,3538000,CASH
