fiscalDateEnding,reportedCurrency,grossProfit,totalRevenue,costOfRevenue,costofGoodsAndServicesSold,operatingIncome,sellingGeneralAndAdministrative,researchAndDevelopment,operatingExpenses,investmentIncomeNet,netInterestIncome,interestIncome,interestExpense,nonInterestIncome,otherNonOperatingIncome,depreciation,depreciationAndAmortization,incomeBeforeTax,incomeTaxExpense,interestAndDebtExpense,netIncomeFromContinuingOperations,comprehensiveIncomeNetOfTax,ebit,ebitda,netIncome,ticker
2024-11-01,USD,216281000,842751000,626470000,258901000,7071000,59644000,None,274230000,None,-5822000,None,442000,842751000,None,None,None,1249000,-3595000,442000,-297001000,4844000,7071000,7071000,4844000,CBRL
2024-08-02,USD,130686000,893664000,762978000,272151000,22216000,164060000,None,369621000,None,-440000,None,440000,894104000,None,None,28981000,16475000,-1664000,440000,-311241000,939381000,22216000,51197000,18139000,CBRL
2024-04-26,USD,184780000,817135000,632355000,245070000,-19272000,54524000,None,278884000,None,-438000,None,438000,817135000,None,None,28337000,-24459000,-15260000,438000,-312803000,-9199000,-19272000,12248000,-9199000,CBRL
2024-01-26,USD,244818000,935401000,690583000,314851000,30762000,52536000,None,266592000,None,-438000,None,438000,935401000,None,None,27759000,25695000,-839000,438000,-291595000,26534000,30762000,58521000,26534000,CBRL
2023-10-27,USD,213030000,821771000,608741000,255559000,11413000,48735000,None,254052000,None,-436000,None,436000,822207000,None,None,26669000,6475000,1019000,436000,-294053000,5456000,11413000,38082000,5456000,CBRL
2023-07-28,USD,146405000,836221000,689816000,257331000,41237000,127374000,None,324549000,None,-434000,None,434000,834925000,None,None,42720000,36707000,-755000,434000,-263119000,928544000,41237000,72210000,37462000,CBRL
2023-04-28,USD,227566000,832689000,605123000,262191000,16790000,45049000,None,241935000,None,-434000,None,434000,832689000,None,None,41326000,12254000,-1714000,434000,-279379000,13968000,16790000,60307000,13968000,CBRL
2023-01-27,USD,247828000,933868000,686040000,326555000,38971000,45518000,None,254375000,None,-431000,None,431000,933868000,None,None,40402000,34563000,4072000,431000,-279068000,30491000,38971000,38971000,30491000,CBRL
2022-10-28,USD,219209000,838405000,619196000,281540000,23619000,45948000,None,243335000,None,-431000,None,431000,838836000,None,None,39804000,20087000,2958000,431000,-271047000,17129000,23619000,51594000,17129000,CBRL
2022-07-29,USD,139625000,830229000,690604000,273424000,32972000,122750000,None,320921000,None,-3532000,None,2620000,828903000,None,None,29464000,30352000,-3012000,None,-258446000,33364000,32972000,32972000,33364000,CBRL
2022-04-29,USD,216324000,790196000,573872000,250048000,30454000,40160000,None,226030000,None,-415000,None,415000,790196000,None,None,40664000,28283000,767000,415000,-253977000,27516000,30454000,71118000,27516000,CBRL
2022-01-28,USD,238830000,862260000,623430000,283641000,46664000,43463000,None,235629000,None,-432000,None,432000,862260000,None,None,40153000,44464000,6840000,432000,-256502000,37624000,46664000,46664000,37624000,CBRL
2021-10-29,USD,224243000,782581000,558338000,242771000,42913000,40910000,None,226459000,None,-479000,None,479000,783060000,None,None,40117000,40284000,6908000,479000,-238652000,33376000,42913000,71885000,33376000,CBRL
2021-07-30,USD,784405000,784405000,625034000,235754000,62668000,120578000,None,302306000,None,-2629000,None,24964000,784405000,None,None,41888000,37704000,1341000,None,784405000,50084000,62668000,93524000,36363000,CBRL
2021-04-30,USD,220313000,713416000,493103000,205379000,52490000,37356000,None,205179000,None,-24964000,None,9614000,713416000,None,None,41059000,42876000,9406000,None,-207284000,36428000,52490000,52490000,33470000,CBRL
2021-01-29,USD,181266000,677169000,495903000,225084000,14395000,33957000,None,200828000,None,None,None,10815000,677169000,None,None,30603000,3580000,-10420000,None,-212047000,15066000,14395000,44998000,14000000,CBRL
2020-10-30,USD,179857000,645653000,465796000,199044000,237106000,39564000,None,-16083000,None,-10815000,None,10715000,645653000,None,None,29535000,226391000,55711000,None,-45793000,173281000,237106000,48919000,170680000,CBRL
2020-07-31,USD,495065000,495065000,462828000,150778000,40079000,120105000,None,-69954000,None,-10715000,None,9944000,495065000,None,None,29886000,30135000,5069000,None,565019000,24174000,40079000,-25715000,25066000,CBRL
2020-05-01,USD,432544000,432544000,372600000,137138000,-78976000,28008000,None,185264000,None,-5298000,None,5298000,432544000,-132878000,None,30015000,-217152000,-55220000,None,432544000,-171986000,-78976000,-30625000,-161932000,CBRL
2020-01-31,USD,250773000,846143000,595370000,272207000,79135000,38386000,None,210024000,None,-5298000,7089000,3505000,846143000,-3584000,None,29599000,72046000,10878000,None,-220104000,59119000,79135000,108734000,61168000,CBRL
2019-11-01,USD,749040000,749040000,523423000,219814000,63373000,39631000,None,204943000,None,None,None,3580000,749040000,None,None,28678000,53813000,10590000,None,749040000,42785000,57393000,92051000,43223000,CBRL
2019-08-02,USD,787098000,787098000,625106000,226532000,79370000,122397000,None,289617000,None,-3580000,None,3851000,787098000,None,None,29038000,75519000,10494000,None,787098000,58393000,79370000,79370000,65025000,CBRL
2019-05-03,USD,739603000,739603000,521839000,217073000,65085000,37125000,None,189804000,None,-3851000,None,4111000,739603000,None,None,27443000,60974000,10560000,None,739603000,48194000,65085000,92528000,50414000,CBRL
2019-02-01,USD,811707000,811707000,578177000,265179000,76711000,36224000,None,193043000,None,None,None,4177000,811707000,None,None,26218000,72534000,11779000,None,811707000,56716000,76711000,102929000,60755000,CBRL
2018-11-02,USD,733543000,733543000,519387000,222293000,61678000,38935000,None,194469000,None,-4349000,None,4349000,733543000,None,None,24838000,57329000,10122000,4349000,733543000,48500000,61678000,86516000,47207000,CBRL
2018-08-03,USD,810893000,826542000,1420678000,245977000,82771000,118890000,None,281298000,None,-4277000,None,4277000,810893000,None,None,25395000,78494000,17140000,4277000,810893000,61588000,82771000,108166000,61354000,CBRL
2018-04-27,USD,464691000,721413000,253128000,217719000,63309000,35409000,None,183025000,None,-3594000,None,3594000,721413000,None,None,23953000,59715000,10968000,3594000,52341000,52001000,63309000,63309000,48747000,CBRL
2018-01-26,USD,487127000,787771000,296964000,260952000,76674000,36012000,None,186419000,None,-3680000,None,3680000,787771000,None,None,22713000,72994000,-18145000,3680000,94819000,94678000,76674000,99387000,91139000,CBRL
2017-10-27,USD,457904000,710368000,247642000,210749000,70838000,36893000,None,181917000,None,-3618000,None,3618000,-1204000,None,None,21631000,67220000,20840000,3618000,49998000,48267000,70838000,92469000,46380000,CBRL
2017-07-28,USD,743226000,743226000,337514000,217382000,83240000,120132000,None,270121000,None,-3568000,None,3568000,-1825000,None,None,22691000,79672000,25779000,3568000,743226000,53692000,83240000,105931000,53893000,CBRL
2017-04-28,USD,455139000,700410000,241882000,205882000,71478000,36000000,None,172231000,None,-3389000,None,3389000,-1288000,None,None,21798000,68089000,21165000,3389000,50313000,45829000,71478000,71478000,46924000,CBRL
2017-01-27,USD,479307000,772682000,289737000,254920000,82696000,34817000,None,175796000,None,-3638000,None,3638000,-1365000,None,None,21296000,79058000,26331000,3638000,56365000,59763000,82696000,103992000,52727000,CBRL
2016-10-28,USD,457991000,709971000,247197000,213109000,75744000,34088000,None,173121000,None,-3676000,None,3676000,-1107000,None,None,20534000,72068000,23713000,3676000,52031000,52126000,75744000,96278000,48355000,CBRL
2016-07-29,USD,745584000,759945000,344063000,227889000,77610000,116174000,None,262221000,None,-3503000,None,3503000,-3334000,None,None,20742000,74107000,23084000,3503000,745584000,48133000,77610000,77610000,51023000,CBRL
2016-04-29,USD,447927000,696700000,248773000,212382000,67028000,36391000,None,171402000,None,-3436000,None,3436000,-1145000,None,None,19698000,63592000,14423000,3436000,52605000,48194000,67028000,86726000,49169000,CBRL
2016-01-29,USD,459994000,760433000,300439000,264932000,70525000,35507000,None,176610000,None,-3569000,None,3569000,-1242000,None,None,19096000,66956000,18714000,3569000,51811000,45125000,70525000,89621000,48242000,CBRL
2015-10-30,USD,440368000,697660000,257292000,222973000,65308000,34319000,None,171451000,None,-3544000,None,3544000,-1425000,None,None,18687000,61764000,20899000,3544000,44409000,37832000,65308000,83995000,40865000,CBRL
2015-07-31,USD,719185000,719185000,330836000,223579000,72740000,107257000,None,241414000,None,-3541000,None,3541000,-1459000,None,None,19027000,69199000,21800000,3541000,719185000,47701000,72740000,72740000,47399000,CBRL
2015-05-01,USD,683705000,683705000,254712000,216142000,55477000,38570000,None,165281000,None,-4030000,None,4030000,-1418000,None,None,18422000,51447000,16130000,4030000,683705000,40254000,55477000,73899000,35317000,CBRL
2015-01-30,USD,493811000,751282000,299345000,262155000,71221000,37190000,None,170916000,None,-4684000,None,4684000,-1825000,None,None,17995000,66537000,19374000,4684000,51847000,43408000,71221000,89216000,47163000,CBRL
2014-10-31,USD,461133000,676834000,255487000,222295000,55442000,33192000,None,165534000,None,-4424000,None,4424000,-2170000,None,None,17511000,51018000,16994000,4424000,38448000,33548000,55442000,72953000,34024000,CBRL
2014-08-01,USD,470440000,692747000,316045000,222307000,60250000,93738000,None,227774000,None,-4352000,None,4352000,-2004000,None,None,17788000,55898000,16713000,4352000,692747000,38999000,60250000,60250000,39185000,CBRL
2014-05-02,USD,441791000,643298000,234048000,201507000,45213000,32541000,None,153601000,None,-4327000,None,4327000,-1070000,None,None,17300000,40886000,12158000,4327000,441791000,29946000,45213000,62513000,28728000,CBRL
2014-01-31,USD,455476000,694020000,272943000,243015000,58706000,29928000,None,162499000,None,-4471000,None,4471000,-1212000,None,None,16824000,54235000,17180000,4471000,41526000,37980000,58706000,75530000,37055000,CBRL
2013-11-01,USD,443212000,649141000,242816000,205929000,44237000,36887000,None,163105000,None,-4407000,None,4407000,-877000,None,None,16477000,39830000,12670000,4407000,443212000,27082000,44237000,60714000,27160000,CBRL
2013-08-02,USD,463444000,674101000,308384000,210657000,54847000,97727000,None,196003000,None,-4543000,None,4543000,-1733000,None,None,17120000,50304000,16001000,4543000,463444000,38067000,54847000,54847000,34303000,CBRL
2013-05-03,USD,438425000,640407000,237963000,201982000,44172000,35981000,None,162583000,None,-10194000,None,10194000,-859000,None,None,16643000,33978000,9376000,10194000,472403000,27663000,44172000,60815000,24602000,CBRL
2013-02-01,USD,458484000,702671000,278017000,244187000,57197000,33830000,None,166709000,None,-10293000,None,10293000,-810000,None,None,16398000,46904000,11736000,10293000,505388000,39475000,57197000,73595000,35168000,CBRL
2012-11-02,USD,429593000,627451000,233539000,197858000,45308000,35681000,None,162913000,None,-10712000,None,10712000,-655000,None,None,15959000,34596000,11404000,10712000,464189000,26606000,45308000,61267000,23192000,CBRL
2012-08-03,USD,483839000,700010000,308380000,216171000,59906000,93869000,None,230436000,None,-11354000,None,11354000,-870000,None,None,16725000,48552000,13856000,11354000,532391000,40668000,59906000,76631000,34696000,CBRL
2012-04-27,USD,418899000,597341000,224184000,189615000,39108000,34569000,None,155689000,None,-11173000,None,11173000,-574000,None,None,16403000,27935000,8961000,11173000,67043000,23514000,39108000,55511000,18974000,CBRL
2012-01-27,USD,437843000,662209000,271828000,235391000,47337000,36437000,None,166598000,None,-11025000,None,11025000,-1760000,None,None,15886000,36312000,10703000,11025000,83649000,28021000,47337000,63223000,25609000,CBRL
2011-10-28,USD,412130000,587804000,223801000,186307000,44624000,37494000,None,157171000,None,-11135000,None,11135000,502000,None,None,15453000,33489000,9687000,11135000,78113000,27752000,44624000,60077000,23802000,CBRL
2011-07-29,USD,419388000,612942000,488376000,193554000,38088000,292010000,None,428289000,None,-16327000,None,16327000,-3480000,None,None,16251000,21761000,4218000,16327000,17543000,16455000,38088000,55588000,17543000,CBRL
2011-04-29,USD,402751000,570906000,145819000,179774000,31205000,-33955000,None,89776000,None,-11619000,None,11619000,3755000,None,None,16083000,19586000,4432000,11619000,15154000,17483000,31205000,45330000,15154000,CBRL
2011-01-28,USD,420887000,628447000,252458000,219390000,52472000,33068000,None,157062000,None,-11830000,None,11830000,None,None,None,15427000,40642000,11865000,11830000,28777000,38170000,52472000,67900000,28777000,CBRL
2010-10-29,USD,418938000,598691000,179753000,179753000,45416000,373522000,None,373522000,None,None,None,11714000,None,None,None,15027000,33702000,9968000,None,23734000,23917000,45416000,60443000,23734000,CBRL
2010-07-30,USD,429075000,612483000,1091619000,183408000,45467000,642007000,None,-525140000,None,None,None,11710000,None,None,None,15395000,33757000,6344000,None,27413000,None,45467000,61399000,27413000,CBRL
2010-04-30,USD,405192000,578233000,173041000,173041000,31831000,264059000,None,443204000,None,None,None,12186000,None,None,None,15130000,19645000,5217000,None,14428000,None,31831000,46961000,14428000,CBRL
2010-01-29,USD,420718000,632616000,211898000,211898000,49385000,263569000,None,369070000,None,None,None,13293000,None,None,None,16381000,36092000,10699000,None,25393000,None,49385000,68029000,25393000,CBRL
2009-10-30,USD,403712000,581183000,177471000,177471000,37985000,260261000,None,439213000,None,None,None,11770000,None,None,None,14118000,26215000,8191000,None,18024000,None,37985000,52103000,18024000,CBRL
