fiscalDateEnding,reportedCurrency,grossProfit,totalRevenue,costOfRevenue,costofGoodsAndServicesSold,operatingIncome,sellingGeneralAndAdministrative,researchAndDevelopment,operatingExpenses,investmentIncomeNet,netInterestIncome,interestIncome,interestExpense,nonInterestIncome,otherNonOperatingIncome,depreciation,depreciationAndAmortization,incomeBeforeTax,incomeTaxExpense,interestAndDebtExpense,netIncomeFromContinuingOperations,comprehensiveIncomeNetOfTax,ebit,ebitda,netIncome,ticker
2024-12-31,USD,796000,1471000,675000,675000,-7483000,2201000,5911000,8279000,None,1390000,323000,None,None,None,None,None,-6113000,4000,None,-6117000,None,None,-7483000,-6117000,CGEN
2024-09-30,USD,13531000,17132000,3601000,3601000,4496000,2568000,6306000,9035000,None,1284000,1284000,None,None,None,None,None,5780000,4504000,None,1276000,None,None,4496000,1276000,CGEN
2024-06-30,USD,5150000,6702000,1552000,1552000,-3412000,2222000,6183000,8562000,None,1300000,1300000,None,None,None,None,1,-2112000,11000,None,-2123000,None,-3412001,-3412000,-2123000,CGEN
2024-03-31,USD,457000,2559000,2102000,2102000,-8492000,2448000,6410000,8949000,None,1228000,None,None,None,None,None,43276,-7264000,3000,None,-7267000,None,-8535276,-8492000,-7267000,CGEN
2023-12-31,USD,31455000,33459000,2004000,2004000,17984000,2482000,10928000,13471000,None,737000,487000,250000,None,None,None,43812,18719000,9006000,None,9713000,None,17940188,17984000,9713000,CGEN
2023-09-30,USD,0,0,0,0,-10628000,2272000,8338000,10628000,None,776000,776000,None,None,None,None,-39586,-9852000,39586,None,-9852000,None,-10588414,-10628000,-9852000,CGEN
2023-06-30,USD,0,0,0,0,-10214000,2404000,7761000,10214000,None,889000,889000,None,None,None,None,None,-9325000,-49000,None,-9276000,None,-10214000,-10214000,-9276000,CGEN
2023-03-31,USD,0,0,0,0,-10134000,2573000,7445000,10134000,None,808000,808000,808000,None,None,None,None,-9326000,13000,None,-9339000,None,None,-10134000,-9339000,CGEN
2022-12-31,USD,6525000,7500000,975000,975000,-3529000,2536000,7327000,10054000,None,495000,495000,495000,None,None,None,1765000,-3034000,58000,None,-3092000,None,-3529000,-3529000,-3092000,CGEN
2022-09-30,USD,0,0,0,0,-12212000,2610000,9339000,12212000,None,464000,464000,464000,None,None,None,None,-11748000,-928000,None,-11748000,None,-12212000,-12212000,-10820000,CGEN
2022-06-30,USD,None,0,None,None,-8651000,2570000,6812000,9637000,None,493000,493000,493000,None,None,None,-986000,-9144000,-986000,None,-9144000,None,-8651000,-9637000,-8158000,CGEN
2022-03-31,USD,None,0,None,None,-9424000,2603000,7170000,9996000,None,286000,286000,286000,None,None,None,-572000,-9710000,-572000,None,-9710000,None,-9424000,-9996000,-9138000,CGEN
2021-12-31,USD,-5831000,-5151000,5831000,5831000,-8512000,2726000,5843000,8780000,None,135000,158000,133000,None,None,None,-268000,-8645000,-268000,None,-8645000,None,-8512000,-8780000,-8377000,CGEN
2021-09-30,USD,5320000,6000000,680000,680000,-6333000,2759000,8728000,11653000,None,177000,177000,177000,None,None,None,None,-6156000,-354000,None,-6156000,None,-6333000,-6333000,-6156000,CGEN
2021-06-30,USD,None,0,None,None,-9697000,2659000,6797000,9697000,None,200000,200000,200000,None,None,None,None,-9497000,-400000,None,-9497000,None,-9697000,-9697000,-9497000,CGEN
2021-03-31,USD,0,0,0,0,-10264000,2714000,7326000,10264000,None,359000,359000,359000,None,None,None,None,-9905000,-718000,None,-9905000,None,-10264000,-10264000,-9905000,CGEN
2020-12-31,USD,1940000,2000000,60000,60000,-9091000,2694000,8099000,11031000,None,453000,None,453000,None,None,None,None,-8563000,-981000,None,-8563000,None,-8563000,-9091000,-8563000,CGEN
2020-09-30,USD,None,0,None,None,-8225000,2504000,5502000,8225000,None,464000,None,464000,None,None,None,None,-7761000,-928000,None,-7761000,None,-7761000,-8225000,-7761000,CGEN
2020-06-30,USD,None,0,None,None,-6782000,2131000,4447000,6782000,None,536000,None,536000,None,None,None,None,-6246000,-1072000,None,-6246000,None,-6246000,-6782000,-6246000,CGEN
2020-03-31,USD,0,0,0,0,-7398000,2476000,4712000,7398000,None,270000,270000,270000,None,None,None,None,-7128000,-540000,None,-7128000,None,-7128000,-7398000,-7128000,CGEN
2019-12-31,USD,0,0,0,0,-6693000,2220000,4314000,6693000,None,315000,232000,315000,None,None,None,428000,-6461000,-547000,None,-6461000,None,-6693000,-6693000,-6461000,CGEN
2019-09-30,USD,0,0,0,0,-6665000,2264000,4297000,6665000,None,174000,174000,174000,None,None,None,561000,-6491000,-348000,None,-6491000,None,-7007000,-6665000,-6491000,CGEN
2019-06-30,USD,0,0,0,0,-7007000,1962000,4870000,7007000,None,308000,308000,308000,None,None,None,561000,-6699000,-722000,None,-5977000,None,-7007000,-7007000,-5977000,CGEN
2019-03-31,USD,0,0,0,0,-8514000,1966000,6335000,8514000,None,106000,106000,106000,None,None,None,None,-8408000,-212000,None,-8408000,None,-8408000,-8514000,-8408000,CGEN
2018-12-31,USD,9650000,10000000,350000,350000,-9676000,1967000,7464000,9676000,None,None,None,269000,None,None,None,674000,-9399000,-546000,None,-9399000,None,-9676000,-9676000,-9399000,CGEN
2018-09-30,USD,7116000,7800000,684000,684000,-3332000,1997000,7759000,10448000,None,None,None,221000,None,None,None,None,-3111000,-442000,None,-3111000,None,-3111000,-3332000,-3111000,CGEN
2018-06-30,USD,-9650000,10000000,-350000,-350000,-10334000,1988000,8027000,10334000,None,None,None,175000,None,None,None,-100000,-10193000,-316000,None,-10193000,None,-10330000,-10334000,-10193000,CGEN
2018-03-31,USD,9650000,10000000,350000,350000,115000,2089000,7068000,9535000,None,None,None,11000,None,None,None,None,104000,22000,None,104000,None,100000,115000,104000,CGEN
2017-12-31,USD,0,0,0,0,-9386000,1925000,7170000,9386000,None,None,None,245000,None,None,None,None,-9310000,-321000,None,-11665000,None,-9310000,-9386000,-9310000,CGEN
2017-09-30,USD,0,0,0,0,-9979000,2070000,7620000,9979000,None,None,None,108000,None,None,None,None,-9871000,-216000,None,-51051000,None,-9870000,-9979000,-9871000,CGEN
2017-06-30,USD,0,0,0,0,-9257000,1911000,7063000,9257000,None,None,None,217000,None,None,None,120000,-9178000,-296000,None,34357000,None,-9260000,-9257000,-9178000,CGEN
2017-03-31,USD,0,0,0,0,-8783000,1727000,6730000,8783000,None,None,None,76000,None,None,None,None,-8707000,-152000,None,-8707000,None,-8710000,-8783000,-8707000,CGEN
2016-12-31,USD,18000,53000,35000,35000,-8737000,2014000,6308000,8755000,None,None,None,147000,None,None,None,None,-8492000,-98000,None,-31506000,None,-8490000,-8737000,-8492000,CGEN
2016-09-30,USD,49000,70000,21000,21000,-7967000,1742000,6004000,8016000,None,None,None,186000,None,None,None,None,-7781000,-372000,None,0,None,-7780000,-7967000,-7781000,CGEN
2016-06-30,USD,410000,496000,86000,86000,-7008000,1756000,5463000,7418000,None,None,None,107000,None,None,None,700000,-6612000,-483000,None,0,None,-6210000,-7008000,-6632000,CGEN
2016-03-31,USD,12000,93000,81000,81000,-8871000,1837000,6774000,8883000,None,None,None,270000,None,None,None,None,-8601000,-540000,None,0,None,-8600000,-8871000,-8601000,CGEN
2015-12-31,USD,7277000,8313000,1036000,1036000,-727000,1639000,5801000,8004000,None,None,None,255000,None,None,None,630000,-82000,390000,None,-20163000,None,570000,-727000,-472000,CGEN
2015-09-30,USD,28000,229000,201000,201000,-6914000,1341000,5334000,6942000,None,None,None,172000,None,None,None,None,-6742000,-344000,None,0,None,-6740000,-6914000,-6742000,CGEN
2015-06-30,USD,75000,223000,148000,148000,-6953000,1591000,5189000,7028000,None,None,None,145000,None,None,None,480000,-6808000,-290000,None,0,None,-6660000,-6953000,-6808000,CGEN
2015-03-31,USD,131000,513000,382000,382000,-6322000,1437000,4786000,6453000,None,None,None,179000,None,None,None,None,-6143000,-358000,None,0,None,-6140000,-6322000,-6143000,CGEN
2014-12-31,USD,5565000,6552000,987000,987000,-1115000,1432000,4848000,6680000,None,None,None,1340000,None,None,None,400000,-1182000,300000,None,-11094000,None,-1250000,-1115000,-1482000,CGEN
2014-09-30,USD,977000,1718000,741000,741000,-4593000,1504000,3910000,5570000,None,None,None,802000,None,None,None,None,-5395000,1604000,None,0,None,-5400000,-4593000,-5395000,CGEN
2014-06-30,USD,1105000,1964000,859000,859000,-3318000,1240000,3074000,4423000,None,None,None,1059000,None,None,None,260000,-2259000,60000,None,0,None,-1200000,-3318000,-2319000,CGEN
2014-03-31,USD,1376000,2133000,757000,757000,-3311000,1272000,3242000,4687000,None,None,None,1413000,None,None,None,None,-1898000,-2826000,None,0,None,-1900000,-3311000,-1898000,CGEN
2013-12-31,USD,965000,1775000,810000,810000,-3958000,1471000,3257000,4923000,None,None,None,1944000,None,None,None,130000,-2583000,345000,None,-14083000,None,-1200000,-3958000,-2928000,CGEN
2013-09-30,USD,125000,1590000,1465000,1465000,-4402000,1270000,2842000,4527000,None,None,None,185000,None,None,None,None,-4587000,155000,None,0,None,-4590000,-4402000,-4742000,CGEN
2013-06-30,USD,-62000,22000,84000,84000,-4719000,1063000,3437000,4657000,None,None,None,1680000,None,None,None,240000,-3039000,-3360000,None,0,None,-1360000,-4719000,-3039000,CGEN
2013-03-31,USD,12000,162000,150000,150000,-3964000,1042000,2739000,3976000,None,None,None,590000,None,None,None,None,-3374000,-1180000,None,0,None,-3370000,-3964000,-3374000,CGEN
2012-12-31,USD,-34000,134000,168000,168000,-3841000,1013000,2608000,3807000,None,None,None,1206000,None,None,None,-262000,-5373000,2738000,None,0,None,-3579000,-3841000,-5373000,CGEN
2012-09-30,USD,75000,108000,33000,33000,-3624000,765000,2787000,3699000,None,None,None,114000,None,None,None,None,-3510000,-228000,None,0,None,-3510000,-3624000,-3510000,CGEN
2012-06-30,USD,0,0,0,0,-2958000,855000,1947000,2958000,None,None,None,2332000,None,None,None,None,-626000,-4664000,None,0,None,-630000,-2958000,-626000,CGEN
2012-03-31,USD,0,0,0,0,-3119000,824000,2100000,3119000,None,None,None,1000000,None,None,None,None,-4119000,2000000,None,0,None,-4120000,-3119000,-4119000,CGEN
2011-12-31,USD,-424000,-424000,424000,424000,-3070000,1102000,1854000,3070000,None,None,None,1323000,None,None,None,240000,-3029000,2605000,None,0,None,-3310000,-3070000,-4352000,CGEN
2011-09-30,USD,0,0,0,0,-3107000,797000,2112000,3107000,None,None,None,495000,None,None,None,None,-3602000,990000,None,0,None,-3600000,-3107000,-3602000,CGEN
2011-06-30,USD,0,0,0,0,-3368000,2049000,1169000,3368000,None,None,None,1218000,None,None,None,None,-2150000,-2436000,None,0,None,-2150000,-3368000,-2150000,CGEN
2011-03-31,USD,164000,190000,26000,26000,-2434000,643000,1643000,2434000,None,None,None,294000,None,None,None,-240000,-2194000,-828000,None,0,None,-2434000,-2674000,-1900000,CGEN
2010-12-31,USD,164000,190000,26000,26000,-2300000,814000,1552000,2464000,None,None,None,111000,None,None,None,50000,-1903000,-572000,None,0,None,-2697000,-2647000,-2014000,CGEN
2010-09-30,USD,0,800000,-198000,-198000,-1923000,530000,1225000,1923000,None,None,None,312000,None,None,None,51000,-1886000,-698000,None,0,None,-1960000,-1909000,-1574000,CGEN
2010-06-30,USD,602000,800000,198000,198000,-937000,545000,815000,1539000,None,None,None,41000,None,None,None,None,-896000,-82000,None,0,None,-900000,-937000,-896000,CGEN
2010-03-31,USD,125000,125000,0,0,-2718000,1020000,1635000,2843000,None,None,None,1000,None,None,None,None,-2719000,2000,None,0,None,-2720000,-2718000,-2719000,CGEN
2009-12-31,USD,25000,25000,1964000,1964000,-1951000,577000,1378000,1976000,None,None,None,152000,None,None,None,12000,-1887000,178000,None,0,None,-2015000,-2003000,-2041000,CGEN
2009-09-30,USD,0,225000,1976000,1976000,-2024000,582000,1267000,2024000,None,None,None,181000,None,None,None,48000,-2048000,-328000,None,0,None,-2000000,-1952000,-1853000,CGEN
2009-06-30,USD,225000,225000,1560000,1560000,-1539000,409000,1142000,1764000,None,None,None,279000,None,None,None,-3619000,2080000,-4182000,None,0,None,-1539000,-5158000,2364000,CGEN
2009-03-31,USD,0,0,2115000,2115000,-2115000,579000,1264000,2115000,None,None,None,243000,None,None,None,-62000,-2053000,429000,None,0,None,-2115000,-2177000,-2301000,CGEN
2008-12-31,USD,11000,11000,3710000,3710000,-3699000,1300000,2643000,3710000,None,None,None,90000,None,None,None,541000,-3685000,78000,None,0,None,-3699000,-3158000,-3777000,CGEN
2008-09-30,USD,6000,6000,3382000,3382000,-3376000,1250000,2128000,3382000,None,None,None,80000,None,None,None,-12000,-3364000,-88000,None,0,None,-3376000,-3388000,-3288000,CGEN
2008-06-30,USD,40000,40000,3264000,3264000,-3224000,1060000,2209000,3264000,None,None,None,260000,None,None,None,-11000,-3213000,-257000,None,0,None,-3224000,-3235000,-2967000,CGEN
2008-03-31,USD,90000,90000,7000,7000,-3449000,1120000,2439000,3539000,None,None,None,100000,None,None,None,18000,-3467000,-342000,None,0,None,-3449000,-3431000,-3107000,CGEN
2007-12-31,USD,90000,90000,3539000,3539000,-3449000,1100000,2439000,3539000,None,None,None,170000,None,None,None,18000,-3467000,-342000,None,0,None,-3449000,-3431000,-3107000,CGEN
2007-09-30,USD,90000,90000,2987000,2987000,-2897000,1110000,1875000,2987000,None,None,None,200000,None,None,None,-18000,-2879000,-155000,None,0,None,-2897000,-2915000,-2742000,CGEN
2007-06-30,USD,0,0,2926000,2926000,-2926000,900000,2031000,2926000,None,None,None,230000,None,None,None,-5000,-2921000,232000,None,0,None,-2926000,-2931000,-3158000,CGEN
2007-03-31,USD,0,0,3188000,3188000,-3394000,1150000,2195000,3394000,None,None,None,280000,None,None,None,-8000,-3386000,-287000,None,0,None,-3394000,-3402000,-3107000,CGEN
2006-12-31,USD,10000,10000,13212000,13212000,-4321000,1390000,2890000,4331000,None,None,None,480000,None,None,None,-20000,-4301000,-483000,None,0,None,-4321000,-4341000,-3838000,CGEN
2006-09-30,USD,0,5000,0,0,-2671000,880000,1731000,2671000,None,None,None,110000,None,None,None,-82000,-2589000,-197000,None,0,None,-2671000,-2753000,-2474000,CGEN
2006-06-30,USD,5000,5000,-6000,-6000,-3807000,850000,2874000,3812000,None,None,None,170000,None,None,None,-6000,-3801000,-187000,None,0,None,-3807000,-3813000,-3620000,CGEN
2006-03-31,USD,194000,200000,6000,6000,-3194000,980000,2315000,3388000,None,None,None,110000,None,None,None,None,-3088000,-106000,None,0,None,-2720000,-3194000,-3088000,CGEN
2005-12-31,USD,0,551000,3607000,3607000,-3610000,1220000,2390000,3610000,None,None,None,210000,None,None,None,470000,-3350000,-470000,None,0,None,-3610000,-3140000,-2880000,CGEN
2005-09-30,USD,689000,761000,72000,72000,-3765000,1460000,2974000,4454000,None,None,None,160000,None,None,None,332000,-3713000,-264000,None,0,None,-3817000,-3485000,-3553000,CGEN
2005-06-30,USD,417000,474000,57000,57000,-3707000,1070000,3078000,4124000,None,None,None,320000,None,None,None,-9000,-3657000,-408000,None,0,None,-3748000,-3757000,-3340000,CGEN
2005-03-31,USD,846000,865000,19000,19000,-3799000,1150000,3495000,4645000,None,None,None,10000,None,None,None,-10000,-3733000,-117000,None,0,None,-3855000,-3865000,-3738000,CGEN
2004-12-31,USD,470000,552000,82000,82000,-4427000,1150000,3748000,4897000,None,None,None,340000,None,None,None,-342000,-4085000,-684000,None,0,None,-4427000,-4769000,-3743000,CGEN
