fiscalDateEnding,reportedCurrency,grossProfit,totalRevenue,costOfRevenue,costofGoodsAndServicesSold,operatingIncome,sellingGeneralAndAdministrative,researchAndDevelopment,operatingExpenses,investmentIncomeNet,netInterestIncome,interestIncome,interestExpense,nonInterestIncome,otherNonOperatingIncome,depreciation,depreciationAndAmortization,incomeBeforeTax,incomeTaxExpense,interestAndDebtExpense,netIncomeFromContinuingOperations,comprehensiveIncomeNetOfTax,ebit,ebitda,netIncome,ticker
2024-12-31,USD,96127000,244769000,148642000,148642000,29569000,58784000,None,67149000,None,-2257000,None,2257000,247026000,None,None,8365000,29941000,6468000,206000,23473000,5445000,32198000,40563000,23473000,ESE
2024-09-30,USD,113747000,292555000,178808000,178808000,31710000,59995000,None,80587000,None,-6019000,-47000,5972000,298574000,None,None,8592000,44042000,9779000,209000,34274000,43789000,50014000,58606000,34263000,ESE
2024-06-30,USD,100013000,257448000,157435000,157435000,36800000,54955000,None,63472000,None,-3335000,None,3335000,260783000,None,None,8517000,37172000,7942000,213000,29230000,28229000,40507000,49024000,29230000,ESE
2024-03-31,USD,93556000,245903000,152347000,160919000,28849000,55097000,None,64041000,None,-3226000,None,3226000,249129000,None,None,8944000,29221000,6002000,3226000,23219000,18474000,32447000,41391000,23219000,ESE
2023-12-31,USD,81496000,215647000,134151000,134151000,19061000,53968000,None,62229000,None,-2667000,None,2667000,218314000,None,None,8261000,19454000,4285000,2667000,15169000,24583000,22121000,30382000,15169000,ESE
2023-09-30,USD,105876000,270300000,164424000,164424000,27799000,56555000,13000000,77878000,None,-2347000,31000,2378000,272647000,None,None,8323000,41192000,9195000,2378000,31997000,26866000,43570000,51893000,31997000,ESE
2023-06-30,USD,98980000,246254000,147274000,147274000,35113000,55376000,None,62901000,None,-2495000,2495000,2495000,248749000,None,None,7525000,35506000,7563000,2495000,27943000,27122000,38001000,45526000,27943000,ESE
2023-03-31,USD,84571000,226867000,142296000,142296000,22957000,53877000,None,61300000,None,-2269000,2269000,2269000,229136000,None,None,7423000,23350000,5472000,2269000,17878000,20111000,25619000,33042000,17878000,ESE
2022-12-31,USD,77460000,203843000,126383000,126383000,18506000,51302000,None,58556000,None,-1658000,1658000,1658000,205501000,None,None,7254000,18899000,4172000,1658000,14727000,26240000,20557000,27811000,14727000,ESE
2022-09-30,USD,100406000,254729000,154323000,154323000,27733000,53054000,12300000,72300000,None,-1767000,49000,1816000,256496000,None,None,6946000,40428000,9388000,1816000,31040000,18653000,42244000,49190000,31040000,ESE
2022-06-30,USD,83281000,217735000,134454000,134454000,29109000,47479000,None,54278000,None,-1331000,1331000,1331000,219066000,None,None,6799000,29502000,6329000,1331000,23173000,11268000,30833000,37632000,23173000,ESE
2022-03-31,USD,75533000,203908000,128375000,128375000,21061000,47959000,None,55076000,None,-1020000,1020000,1020000,204928000,None,None,7117000,21668000,5085000,1020000,16583000,13772000,22688000,29805000,16583000,ESE
2021-12-31,USD,67972000,176277000,108305000,108305000,14230000,46635000,None,53709000,None,-733000,733000,733000,177010000,None,None,7074000,14837000,3313000,733000,11524000,9024000,15570000,22644000,11524000,ESE
2021-09-30,USD,76416000,204676000,128260000,128260000,8703000,44906000,15400000,67342000,None,-802000,-55000,747000,205478000,None,None,7036000,25039000,4674000,1271000,20365000,15861000,25786000,32822000,20365000,ESE
2021-06-30,USD,67304000,180914000,113610000,113610000,18451000,42882000,None,48238000,None,-480000,480000,480000,181394000,None,None,5356000,18943000,4034000,306000,13131000,15444000,19423000,24779000,14909000,ESE
2021-03-31,USD,63099000,166212000,103553000,103113000,20847000,38746000,None,44155000,None,-432000,432000,432000,166644000,None,None,5409000,20149000,4745000,311000,16314000,15520000,20581000,25990000,15404000,ESE
2020-12-31,USD,63631000,162408000,99622000,98777000,17168000,41000000,None,46440000,None,-541000,541000,541000,162949000,None,None,5440000,16540000,3722000,313000,13686000,18167000,17081000,22521000,12818000,ESE
2020-09-30,USD,208030000,208030000,130656000,129763000,208030000,40467000,13300000,59448000,None,-1466000,4264000,5730000,208030000,None,None,5681000,-16727000,4579000,1000,-21808000,16602000,-10997000,-5316000,-21306000,ESE
2020-06-30,USD,63456000,171142000,107686000,107686000,21269000,36936000,None,43011000,None,-1523000,-1204000,319000,172665000,None,None,6075000,21809000,3122000,319000,18687000,21489000,22128000,28203000,18687000,ESE
2020-03-31,USD,65930000,179172000,113242000,113242000,19403000,39982000,None,45824000,None,-1320000,-997000,323000,180492000,None,None,5842000,20025000,2203000,323000,17822000,10937000,20348000,26190000,17822000,ESE
2019-12-31,USD,62580000,169307000,106727000,106727000,13748000,42105000,None,48537000,None,-2421000,-2093000,328000,171728000,None,None,6432000,90383000,3606000,328000,10764000,90700000,90711000,97143000,86777000,ESE
2019-09-30,USD,236658000,236658000,126961000,145495000,236658000,43641000,27900000,66078000,None,-2506000,2506000,2608000,236658000,None,None,5535000,32178000,7320000,None,23272000,14331000,236658000,242193000,24858000,ESE
2019-06-30,USD,75621000,197793000,105036000,122172000,24892000,41226000,None,48093000,None,-1878000,1973000,1973000,199766000,None,None,4693000,24689000,4622000,None,19045000,21900000,24892000,29585000,20067000,ESE
2019-03-31,USD,90402000,193949000,103547000,121946000,23280000,39327000,None,46293000,None,-1853000,1853000,1925000,193949000,None,None,4620000,21098000,2301000,None,17822000,19600000,23280000,27900000,18797000,ESE
2018-12-31,USD,80143000,182597000,102454000,118908000,25147000,38540000,None,36723000,None,-1855000,None,1890000,8922000,None,None,4652000,23462000,6145000,None,17350000,12763000,25147000,29799000,17317000,ESE
2018-09-30,USD,158284000,231086000,72802000,143486000,231086000,30252000,26200000,57431000,None,-2336000,None,2284000,231086000,None,None,4713000,37265000,8813000,None,22577000,26879000,231086000,235799000,28452000,ESE
2018-06-30,USD,69418000,192223000,122805000,122805000,25559000,39910000,None,44515000,None,-2243000,None,2243000,192223000,None,None,4605000,23316000,4297000,None,19019000,12092000,25559000,30164000,19019000,ESE
2018-03-31,USD,62408000,174778000,112370000,112370000,13584000,40749000,None,45313000,None,-2036000,None,2036000,174778000,None,None,4564000,13584000,3590000,None,9994000,12969000,13584000,18148000,9994000,ESE
2017-12-31,USD,61759000,173495000,111736000,111736000,12801000,42154000,None,46600000,None,-2185000,None,2185000,0,None,None,4446000,12801000,-21870000,None,34671000,35976000,12801000,17247000,34671000,ESE
2017-09-30,USD,77236000,207005000,129769000,129769000,207005000,41329000,24400000,60119000,None,-1848000,None,1826000,None,None,None,4790000,29787000,10613000,None,19174000,28191000,207005000,211795000,19174000,ESE
2017-06-30,USD,62333000,171189000,108856000,108856000,17422000,38453000,None,42538000,None,-1213000,None,1213000,None,None,None,4085000,17422000,4777000,None,12645000,17522000,17422000,21507000,12645000,ESE
2017-03-31,USD,55799000,161178000,105379000,105379000,16819000,34889000,None,38703000,None,-855000,None,855000,None,None,None,3814000,16819000,5662000,None,11157000,13734000,16819000,20633000,11157000,ESE
2016-12-31,USD,53454000,146368000,92914000,92914000,16125000,33762000,None,37411000,None,-684000,None,684000,None,None,None,3649000,16125000,5398000,None,10727000,6231000,16125000,19774000,10727000,ESE
2016-09-30,USD,159505000,160422000,96038000,96038000,159505000,34304000,28100000,57229000,None,-391000,None,391000,None,None,None,3090000,24317000,7402000,None,16915000,12029000,159505000,162595000,16915000,ESE
2016-06-30,USD,53269000,139871000,86602000,86602000,17520000,31369000,None,34320000,None,-320000,None,320000,None,None,None,2951000,17520000,5992000,None,11528000,9387000,17520000,20471000,11528000,ESE
2016-03-31,USD,50444000,138562000,88118000,88118000,13615000,32529000,None,35424000,None,-368000,None,368000,None,None,None,2895000,13615000,5005000,None,8610000,9966000,13615000,16510000,8610000,ESE
2015-12-31,USD,52555000,132604000,80049000,80049000,12968000,33291000,None,35985000,None,-229000,None,229000,None,None,None,2694000,12968000,4139000,None,8829000,7754000,12968000,15662000,8829000,ESE
2015-09-30,USD,153612000,153612000,99131000,101334000,153612000,30945000,37403000,56921000,None,-130000,None,130000,None,None,None,2472000,19577000,6594000,None,12983000,4697000,153612000,156084000,12983000,ESE
2015-06-30,USD,50988000,133944000,82956000,82956000,15580000,32786000,None,35071000,None,-247000,None,247000,None,None,None,2285000,16728000,4832000,None,10748000,12984000,15580000,17865000,11896000,ESE
2015-03-31,USD,48588000,128728000,81142000,80140000,13791000,32931000,None,35151000,None,-213000,None,213000,None,None,None,2220000,12417000,4807000,None,7982000,3919000,13791000,16011000,7610000,ESE
2014-12-31,USD,49932000,120352000,71621000,70420000,14776000,33504000,None,35377000,None,-195000,None,195000,None,None,None,1873000,13575000,3552000,None,10023000,7560000,14776000,16649000,10023000,ESE
2014-09-30,USD,151413000,151413000,92614000,92613000,151413000,35717000,40950000,65880000,None,-74000,None,73000,None,None,None,1697000,18351000,7043000,None,12927000,7540000,151413000,153110000,11308000,ESE
2014-06-30,USD,50740000,130348000,79608000,79608000,15283000,33492000,None,35174000,None,-147000,None,147000,None,None,None,1682000,15283000,3693000,None,11590000,11829000,15283000,16965000,11590000,ESE
2014-03-31,USD,46672000,124108000,77436000,77436000,-64876000,31818000,None,33497000,None,-654000,None,654000,None,None,None,1679000,-29727000,3950000,None,9264000,-33252000,-64876000,-63197000,-33677000,ESE
2013-12-31,USD,49477000,123758000,74281000,74281000,-61233000,33872000,None,35558000,None,-692000,None,692000,None,None,None,1686000,16097000,4908000,None,8832000,11763000,-61233000,-59547000,11189000,ESE
2013-09-30,USD,144600000,144600000,86659000,86658000,144600000,33010000,35433000,62266000,None,-696000,None,695000,None,None,None,1638000,-25780000,6525000,None,13880000,-22623000,144600000,146238000,-32305000,ESE
2013-06-30,USD,46588000,116144000,69556000,69556000,13536000,31546000,None,33052000,None,-778000,None,778000,None,-2903000,None,1506000,9016000,4119000,None,6514000,4857000,13536000,15042000,4897000,ESE
2013-03-31,USD,54829000,165510000,72888000,110681000,4875000,31577000,None,49954000,None,-636000,None,668000,None,-1330000,None,4203000,6573000,5014000,None,5523000,-227000,4875000,9078000,1559000,ESE
2012-12-31,USD,50664000,144702000,66757000,94038000,225000,33677000,None,50439000,None,-585000,None,563000,None,72000,None,3500000,2923000,2677000,None,5343000,1112000,225000,3725000,246000,ESE
2012-09-30,USD,192166000,192166000,77005000,117102000,192166000,30065000,35681000,275836000,None,-480000,None,463000,None,-444000,None,3523000,22837000,5158000,None,9468000,14445000,192166000,195689000,17679000,ESE
2012-06-30,USD,65445000,168533000,71843000,103088000,14740000,32098000,None,50705000,None,-1014000,None,916000,None,3487000,None,3392000,17778000,3987000,None,11540000,11379000,14740000,18132000,13791000,ESE
2012-03-31,USD,67426000,173393000,105967000,105967000,15128000,47944000,None,52298000,None,-470000,None,470000,None,376000,None,3254000,16604000,6402000,None,7575000,11215000,15128000,18382000,10202000,ESE
2011-12-31,USD,59713000,152434000,92721000,92721000,6770000,48690000,None,52943000,None,-491000,None,491000,None,472000,None,3153000,8342000,3135000,None,6191000,3653000,6770000,9923000,5207000,ESE
2011-09-30,USD,184201000,190701000,-27754000,6500000,184201000,-11281000,33574000,272710000,None,-647000,None,647000,None,4083000,None,3039000,12360000,-3023000,None,-35000,8503000,184201000,187240000,15383000,ESE
2011-06-30,USD,70270000,175792000,105522000,105522000,19695000,47520000,None,50575000,None,-534000,None,534000,None,522000,None,3055000,20217000,7139000,None,13078000,14300000,19695000,22750000,13078000,ESE
2011-03-31,USD,67616000,166210000,98594000,98594000,21172000,43409000,None,46444000,None,-538000,None,538000,None,-125000,None,3035000,21047000,7820000,None,13227000,14800000,21172000,24207000,13227000,ESE
2010-12-31,USD,61679000,159162000,97483000,97483000,15181000,43645000,None,46498000,None,-774000,None,774000,None,618000,None,2853000,15799000,4986000,None,10813000,10600000,15181000,18034000,10813000,ESE
2010-09-30,USD,207925000,207925000,123113000,123113000,207925000,43187000,32199000,46158000,None,-949000,None,949000,None,-1066000,None,2971000,36640000,12743000,None,23896000,25051000,207925000,210896000,23897000,ESE
2010-06-30,USD,64797000,156791000,91994000,91994000,23762000,38144000,None,41035000,None,-791000,None,791000,None,-551000,None,2891000,23211000,8664000,None,14547000,11900000,23762000,26653000,14547000,ESE
2010-03-31,USD,49882000,129281000,79399000,79399000,10186000,36809000,None,39696000,None,-755000,None,755000,None,-288000,None,5593000,9143000,3177000,None,None,None,10186000,15779000,5966000,ESE
2009-12-31,USD,45269000,112705000,67436000,67436000,3177000,39208000,None,43115000,None,-1482000,None,1482000,None,-1023000,None,5564000,672000,236000,None,None,None,2154000,7718000,436000,ESE
2009-09-30,USD,69978000,169449000,99471000,99471000,22424000,38239000,31974000,47554000,None,-1489000,None,1489000,None,-1620000,None,7575000,23795000,2028000,None,None,None,25284000,32859000,21767000,ESE
2009-06-30,USD,60062000,148102000,88040000,88040000,18634000,36636000,None,41428000,None,-1587000,None,1587000,None,-2617000,None,7584000,14762000,3337000,None,11093000,None,18634000,26218000,11425000,ESE
