fiscalDateEnding,reportedCurrency,grossProfit,totalRevenue,costOfRevenue,costofGoodsAndServicesSold,operatingIncome,sellingGeneralAndAdministrative,researchAndDevelopment,operatingExpenses,investmentIncomeNet,netInterestIncome,interestIncome,interestExpense,nonInterestIncome,otherNonOperatingIncome,depreciation,depreciationAndAmortization,incomeBeforeTax,incomeTaxExpense,interestAndDebtExpense,netIncomeFromContinuingOperations,comprehensiveIncomeNetOfTax,ebit,ebitda,netIncome,ticker
2024-09-30,USD,479038000,557875000,78837000,None,82371000,47081000,None,488998000,3168000,-42330000,3168000,45498000,600205000,None,None,31756000,37984000,11664000,2920000,26289000,30374000,83482000,115238000,26320000,GEO
2024-06-30,USD,392683000,476194000,83511000,None,80145000,52198000,None,498634000,1992000,-48652000,1992000,50644000,524846000,None,None,31313000,-52892000,-20379000,82339000,-32563000,-29668000,-2248000,29065000,-32513000,GEO
2024-03-31,USD,472131000,556566000,84435000,None,79562000,53070000,None,494991000,2474000,-48821000,2474000,51295000,605387000,None,None,31365000,30739000,8071000,51334000,22659000,19495000,82034000,113399000,22668000,GEO
2023-12-31,USD,2885747000,2968328000,82581000,None,83760000,51584000,None,491871000,4007000,-49204000,4007000,53211000,3017532000,None,None,30997000,30595000,5363000,59898000,25161000,28655000,83806000,114803000,25232000,GEO
2023-09-30,USD,469708000,548237000,78529000,None,83589000,47356000,None,486749000,1320000,-54457000,1320000,55777000,602694000,None,None,31173000,31040000,6521000,55868000,24503000,23036000,86817000,117990000,24519000,GEO
2023-06-30,USD,465141000,538524000,73383000,None,92380000,41692000,None,467645000,1297000,-53749000,1297000,55046000,592273000,None,None,31691000,40724000,11153000,56664000,29525000,29924000,95770000,127461000,29571000,GEO
2023-03-31,USD,472320000,554377000,82057000,None,92660000,50134000,None,484232000,1168000,-53090000,1168000,54258000,607467000,None,None,31923000,40365000,12362000,54394000,27994000,25987000,94623000,126546000,28003000,GEO
2022-12-31,USD,2893974000,2975709000,81735000,None,108381000,49094000,None,479785000,530000,-52637000,530000,53167000,3028346000,None,None,32641000,56323000,14793000,53575000,41528000,51248000,109490000,142131000,41530000,GEO
2022-09-30,USD,455418000,537770000,82352000,None,98121000,50022000,None,456953000,5111000,-41426000,5111000,46537000,579196000,None,None,32330000,49583000,11246000,84024000,38312000,37539000,96120000,128450000,38337000,GEO
2022-06-30,USD,482882000,564194000,81312000,None,95074000,49296000,None,457407000,5562000,-27663000,5562000,33225000,588177000,None,None,32016000,72625000,18898000,33225000,53673000,45520000,105850000,137866000,53727000,GEO
2022-03-31,USD,440029000,524527000,84498000,None,81526000,48560000,None,434348000,5628000,-25993000,5628000,31621000,551147000,None,None,35938000,56181000,17962000,31621000,38179000,40803000,87802000,123740000,38219000,GEO
2021-12-31,USD,2701280000,2786815000,85535000,None,76018000,50664000,None,429009000,5830000,-27208000,5830000,33038000,2823345000,None,None,34871000,51540000,101336000,33038000,-29300000,-46158000,84578000,119449000,-49796000,GEO
2021-09-30,USD,441296000,524654000,83358000,None,74019000,50475000,None,455406000,5990000,-26535000,5990000,32525000,552246000,None,None,32883000,43105000,8395000,32525000,34641000,31988000,75630000,108513000,34710000,GEO
2021-06-30,USD,450061000,538055000,87994000,None,72416000,54688000,None,459697000,5985000,-26068000,5985000,32053000,567073000,None,None,33306000,47022000,5063000,30399000,41931000,40937000,79075000,112381000,41959000,GEO
2021-03-31,USD,406842000,565438000,158596000,None,65630000,48479000,None,478908000,6202000,-25642000,6202000,31844000,577751000,None,None,34117000,58480000,7936000,28806000,50483000,53023000,90324000,124441000,50544000,GEO
2020-12-31,USD,578116000,578116000,102840000,None,38013000,47403000,None,487674000,6026000,-25272000,6026000,31298000,578116000,None,None,34291000,17016000,5105000,29014000,38013000,16395000,48314000,82605000,11911000,GEO
2020-09-30,USD,475947000,556219000,80272000,None,64733000,46644000,None,481046000,6360000,-24389000,6360000,30749000,580608000,None,None,33628000,43836000,4616000,29277000,39172000,41701000,74585000,108213000,39220000,GEO
2020-06-30,USD,483490000,562467000,78977000,None,64817000,45543000,None,490882000,5248000,-25362000,5248000,30610000,587829000,None,None,33434000,40916000,4196000,30610000,36654000,40665000,71526000,104960000,36720000,GEO
2020-03-31,USD,490425000,577534000,87109000,None,56162000,53782000,None,515433000,5438000,-28742000,5438000,34180000,606276000,None,None,33327000,31727000,6546000,32617000,25121000,12017000,65907000,99234000,25181000,GEO
2019-12-31,USD,621710000,621710000,77328000,None,66302000,43743000,None,523727000,5807000,-29360000,5807000,35167000,621710000,None,None,33585000,40191000,2139000,34815000,66302000,41706000,75358000,108943000,38052000,GEO
2019-09-30,USD,514621000,595528000,80907000,None,78159000,48488000,None,521001000,6686000,-29959000,6686000,36645000,632173000,None,None,32419000,51069000,5137000,36051000,45885000,38659000,87714000,120133000,45932000,GEO
2019-06-30,USD,489670000,569293000,79623000,None,81175000,47271000,None,500439000,8045000,-30887000,8045000,38932000,608225000,None,None,32352000,46446000,4532000,44673000,41836000,46563000,85378000,117730000,41914000,GEO
2019-03-31,USD,490797000,569690000,78893000,None,74777000,46424000,None,504249000,8396000,-31884000,8396000,40280000,609970000,None,None,32469000,45545000,4840000,40280000,40649000,42957000,85825000,118294000,40705000,GEO
2018-12-31,USD,599430000,599430000,79486000,None,63484000,47588000,None,504649000,8561000,-4569000,35329000,39898000,599430000,None,None,31898000,35316000,1924000,39324000,63484000,35559000,75214000,107112000,33392000,GEO
2018-09-30,USD,466595000,545539000,78944000,None,69780000,47647000,None,482453000,8428000,-37991000,None,37991000,583530000,None,None,31297000,43012000,3723000,37991000,39229000,38734000,81003000,112300000,39289000,GEO
2018-06-30,USD,467829000,546590000,78761000,None,66951000,47448000,None,485245000,8667000,-36919000,-574000,36345000,583509000,None,None,31313000,41136000,3715000,36919000,37325000,35284000,77481000,108794000,37421000,GEO
2018-03-31,USD,1020557000,1094315000,73758000,None,64450000,41832000,None,468386000,9099000,-35869000,None,35869000,565267000,None,None,31926000,39742000,4755000,35869000,34920000,36341000,75611000,107537000,34987000,GEO
2017-12-31,USD,568977000,680873000,78310000,None,66458000,46477000,None,470871000,12705000,13354000,51676000,38322000,568977000,None,None,31833000,48725000,12368000,38322000,66458000,37967000,87047000,118880000,36357000,GEO
2017-09-30,USD,447317000,528040000,80723000,None,62902000,49074000,None,472208000,14648000,-38719000,None,38719000,0,None,None,31649000,40209000,1720000,38719000,38453000,40112000,78928000,110577000,38489000,GEO
2017-06-30,USD,492998000,577070000,84072000,None,54553000,52206000,None,490651000,12346000,-35983000,None,35983000,0,None,None,31866000,32392000,1400000,35983000,30942000,32865000,68375000,100241000,30992000,GEO
2017-03-31,USD,479079000,550614000,71535000,None,64372000,42586000,None,457781000,11977000,-35000000,None,35000000,-110000,None,None,28949000,42873000,2470000,35000000,40366000,41661000,77873000,106822000,40403000,GEO
2016-12-31,USD,566579000,677092000,69291000,None,68008000,40261000,None,470069000,10109000,-6358000,None,34854000,5070000,None,None,29030000,45340000,-4096000,34854000,68008000,54017000,80194000,109224000,49436000,GEO
2016-09-30,USD,454682000,520948000,66266000,None,72452000,37483000,None,453142000,7928000,-33428000,None,33428000,0,None,None,28783000,48690000,4970000,33428000,43674000,44193000,82118000,110901000,43720000,GEO
2016-06-30,USD,435839000,548350000,65556000,None,65957000,36904000,None,453741000,5902000,-31089000,None,31089000,-15866000,None,None,28652000,27088000,3879000,46955000,23156000,20630000,58177000,86829000,23209000,GEO
2016-03-31,USD,418633000,510185000,62512000,None,59167000,34061000,None,422241000,4557000,-29366000,None,29366000,326000,None,None,28451000,35501000,3151000,29366000,32350000,31444000,64867000,93318000,32350000,GEO
2015-12-31,USD,500127000,577801000,72004000,None,66745000,39276000,None,406156000,3645000,-15948000,None,27526000,-469000,None,None,28128000,44493000,435000,27526000,44064000,46370000,72019000,100147000,44058000,GEO
2015-09-30,USD,381683000,442552000,60869000,None,63031000,33742000,None,379708000,2992000,-27314000,None,27314000,0,None,None,27127000,40070000,1758000,27314000,38312000,31914000,67384000,94511000,38312000,GEO
2015-06-30,USD,360560000,419294000,58734000,None,53281000,32174000,None,366104000,2868000,-26651000,None,26651000,0,None,None,26560000,30660000,2369000,26651000,28291000,33146000,57311000,83871000,28291000,GEO
2015-03-31,USD,370581000,427369000,56788000,None,52672000,31848000,None,349535000,2073000,-22573000,None,24646000,545000,None,None,24940000,31605000,2828000,24646000,28777000,23072000,56251000,81191000,28777000,GEO
2014-12-31,USD,427740000,427740000,54283000,None,61954000,30081000,None,342606000,2143000,-22563000,None,24706000,-37000,None,None,24202000,41082000,3031000,24706000,38051000,21289000,65788000,89990000,38051000,GEO
2014-09-30,USD,405534000,457900000,52366000,None,63318000,28287000,None,370503000,1048000,-20360000,None,21408000,0,None,None,24079000,44528000,5537000,21408000,38991000,31031000,65936000,90015000,38991000,GEO
2014-06-30,USD,360947000,412843000,51896000,None,60889000,28148000,None,328206000,824000,-19778000,None,20602000,0,None,None,23748000,42285000,3387000,20602000,38898000,39544000,62887000,86635000,38898000,GEO
2014-03-31,USD,340493000,393137000,52644000,None,48570000,28502000,None,341847000,732000,-19920000,None,20652000,-235000,None,None,24142000,30128000,2138000,20652000,27990000,29040000,50780000,74922000,27990000,GEO
2013-12-31,USD,383548000,383548000,54620000,None,48009000,30436000,None,347131000,-109000,-21100000,None,20991000,-13970000,None,None,24184000,15703000,-11908000,34670000,38898000,26223000,36694000,60878000,27611000,GEO
2013-09-30,USD,328732000,379842000,51110000,None,44829000,27222000,None,334145000,1084000,-20485000,None,21569000,-1451000,None,None,23888000,22142000,-7755000,23020000,32162000,30553000,43711000,67599000,29897000,GEO
2013-06-30,USD,305168000,381653000,51020000,None,51387000,27363000,None,333239000,1165000,-19938000,None,21103000,-5527000,None,None,23657000,26939000,-7268000,26630000,34207000,28978000,48042000,71699000,34207000,GEO
2013-03-31,USD,303774000,377031000,54975000,None,41259000,32040000,None,332303000,1184000,-18157000,None,19341000,-125000,None,None,22935000,24301000,881000,19341000,23420000,22281000,43642000,66577000,23420000,GEO
2012-12-31,USD,376331000,378731000,2400000,None,39313000,32080000,None,2400000,1497000,-18663000,None,20160000,-760000,None,None,23540000,8771000,-72837000,20159000,34207000,82708000,28931000,52471000,81608000,GEO
2012-09-30,USD,332718000,369116000,51389000,None,51602000,27228000,None,362528000,1651000,-18954000,None,20605000,-8462000,None,None,22944000,25741000,10125000,29068000,15425000,15745000,46346000,69290000,15616000,GEO
2012-06-30,USD,371174000,371174000,49091000,None,52941000,26129000,None,315888000,1761000,-18857000,None,20618000,0,None,None,22962000,36161000,13660000,20618000,20879000,20065000,56779000,79741000,22501000,GEO
2012-03-31,USD,360042000,360042000,48825000,None,40497000,26586000,None,318838000,1807000,-18999000,None,20806000,-323000,None,None,22239000,23515000,8490000,20806000,13722000,16984000,44321000,66560000,15025000,GEO
2011-12-31,USD,354473000,285281000,43647000,None,47298000,23595000,None,194229000,2067000,-17611000,None,19678000,4147000,None,None,20052000,27982000,9243000,19678000,13110000,17207000,47660000,67712000,18739000,GEO
2011-09-30,USD,406847000,406847000,47772000,None,47265000,25922000,None,342949000,1767000,-17560000,None,19327000,0,None,None,21850000,33773000,12255000,19327000,20893000,14097000,53100000,74950000,21518000,GEO
2011-06-30,USD,407817000,407817000,48655000,None,46298000,27710000,None,346358000,1629000,-19412000,None,19412000,80000,None,None,20945000,33880000,12302000,19412000,20661000,22080000,53292000,74237000,21578000,GEO
2011-03-31,USD,391766000,391766000,51590000,None,38738000,32788000,None,349574000,1569000,-16961000,None,16961000,-132000,None,None,18802000,26570000,9780000,16961000,16142000,17102000,43531000,62333000,16790000,GEO
2010-12-31,USD,374398000,374398000,50648000,None,43375000,34336000,None,327566000,1823000,-6274000,None,12516000,5146000,None,None,12269000,29302000,5804000,12529000,15079000,25807000,41818000,54087000,23498000,GEO
2010-09-30,USD,260774000,308083000,47309000,None,29524000,33925000,None,304875000,1734000,-11917000,None,11917000,-7933000,None,None,13384000,12828000,7547000,19850000,5281000,10432000,24745000,38129000,5281000,GEO
2010-06-30,USD,241519000,271648000,30129000,None,33050000,20655000,None,246018000,1486000,-8447000,None,8447000,None,None,None,9474000,27209000,10192000,8447000,17017000,13968000,35656000,45130000,17017000,GEO
2010-03-31,USD,None,None,None,None,34524000,None,None,None,None,None,None,7814000,None,None,None,9238000,28493000,10821000,None,None,17837000,36307000,45545000,17672000,GEO
2009-12-31,USD,None,None,None,None,39551000,None,None,None,None,None,None,8020000,None,None,None,10244000,27185000,11705000,None,None,19594000,35205000,45449000,15480000,GEO
2009-09-30,USD,None,None,None,None,35217000,None,None,None,None,None,None,6533000,None,None,None,9616000,30768000,11510000,None,None,21083000,37301000,46917000,19258000,GEO
