fiscalDateEnding,reportedCurrency,grossProfit,totalRevenue,costOfRevenue,costofGoodsAndServicesSold,operatingIncome,sellingGeneralAndAdministrative,researchAndDevelopment,operatingExpenses,investmentIncomeNet,netInterestIncome,interestIncome,interestExpense,nonInterestIncome,otherNonOperatingIncome,depreciation,depreciationAndAmortization,incomeBeforeTax,incomeTaxExpense,interestAndDebtExpense,netIncomeFromContinuingOperations,comprehensiveIncomeNetOfTax,ebit,ebitda,netIncome,ticker
2024-09-30,CNY,778462000,1208253000,429791000,429791000,-490107000,193495000,189305000,1268569000,None,15661000,15661000,None,None,None,None,None,-464481000,6792000,None,-471273000,None,None,-490107000,-471273000,GOTU
2024-06-30,CNY,696364000,1009797000,313433000,313433000,-464750000,163616000,162101000,1161114000,None,21274000,21274000,None,None,None,None,-7732000,-431185000,-1635000,None,-429550000,None,-464750000,-464750000,-429550000,GOTU
2024-03-31,CNY,675471000,946885000,271414000,271414000,-77702000,95185000,151607000,753173000,None,18673000,18673000,None,None,None,None,13560501,-8780000,3517000,None,-12297000,None,-77702000,-64141499,-12297000,GOTU
2023-12-31,CNY,533295000,761014000,227719000,227719000,-187915000,119478000,136046000,721210000,None,18603000,18603000,None,None,None,None,13560500,-131267000,-11618000,None,-119649000,None,-187915000,-174354500,-119649000,GOTU
2023-09-30,CNY,571287000,789413000,218126000,218126000,-99541000,105782000,130618000,670828000,None,24153000,24153000,None,None,None,None,-39586,-52027000,656000,None,-57663000,None,-107080414,-107120000,-57663000,GOTU
2023-06-30,CNY,571287000,789413000,218126000,218126000,-99541000,105782000,130618000,670828000,None,19780000,19780000,None,None,None,None,17689250,-52027000,656000,None,56161000,None,-99541000,-81851750,-57663000,GOTU
2023-03-31,CNY,470329000,629631000,159302000,159302000,-13248000,82364000,111401000,483577000,None,13293000,13293000,7600000,None,None,None,-14778000,36052000,-34561000,None,113853000,None,-13248000,-28026000,70613000,GOTU
2022-12-31,CNY,470329000,629631000,159302000,159302000,-13248000,82364000,111401000,483577000,None,7600000,7600000,7600000,None,None,None,-14778000,36052000,-34561000,None,70613000,None,-13248000,-28026000,70613000,GOTU
2022-09-30,CNY,437370000,606169000,168799000,168799000,-69564000,63598000,106537000,506934000,None,4325000,4325000,4325000,None,None,None,-7753000,-60924000,426000,None,-61350000,None,-69564000,-77317000,-61350000,GOTU
2022-06-30,CNY,437370000,606169000,168799000,168799000,-69564000,63598000,106537000,506934000,None,1763000,1763000,4325000,None,None,None,-7753000,-60924000,426000,None,-49809000,None,-69564000,-77317000,-61350000,GOTU
2022-03-31,CNY,887615000,1274267000,386652000,386652000,258316000,95913000,124977000,593925000,None,7682000,7682000,27093000,None,None,None,27093000,285409000,-449000,None,53718000,None,290389000,317482000,285858000,GOTU
2021-12-31,CNY,511670000,724615000,212945000,212945000,-41433000,78936000,123307000,486417000,None,4296000,4296000,7682000,None,None,None,55027000,72598000,18880000,None,285858000,None,-41433000,13594000,53718000,GOTU
2021-09-30,CNY,399711000,1114883000,715172000,715172000,-1081343000,164743000,336288000,1327470000,None,5412000,5412000,None,None,None,None,277623000,-1045063000,-450000,None,-1044613000,None,-1081343000,-803720000,-1044613000,GOTU
2021-06-30,CNY,1507976000,2232254000,724278000,724278000,-854722000,241982000,426502000,2309567000,None,7667000,7667000,None,None,None,None,90436000,-867748000,51658000,None,-918791000,None,-854722000,-764286000,-918791000,GOTU
2021-03-31,CNY,1594678000,2211041000,616363000,616363000,-696075000,217670000,274726000,2290753000,None,14085000,14085000,None,None,None,None,-17334000,-623359000,5474000,None,-1425919000,None,-696075000,-713409000,-627033000,GOTU
2020-12-31,CNY,1594678000,2211041000,616363000,616363000,-696075000,217670000,274726000,2290753000,None,1273000,1273000,None,None,None,None,-17334000,-623359000,5474000,None,-627033000,None,-696075000,-713409000,-627033000,GOTU
2020-09-30,CNY,1463535000,1965809000,502274000,502274000,-990116000,177395000,220436000,2453651000,None,1580000,1580000,24159000,None,None,None,-16831000,-921821000,10435000,None,-932512000,None,-990116000,-1006947000,-932512000,GOTU
2020-06-30,CNY,1289653000,1650314000,360661000,360661000,-160772000,105744000,139878000,1450425000,None,274000,274000,24159000,None,None,None,-23885000,-48891000,-68520000,None,18627000,None,-160772000,-184657000,18627000,GOTU
2020-03-31,CNY,739040000,935027000,195987000,195987000,167596000,45958000,83499000,571444000,None,245000,245000,12598000,None,None,None,10483000,181723000,7871000,None,147988000,None,149086000,159569000,174463000,GOTU
2019-12-31,CNY,739040000,935027000,195987000,195987000,167596000,45958000,83499000,571444000,None,None,None,9965000,None,None,None,10483000,181723000,7871000,None,None,None,149086000,159569000,174463000,GOTU
2019-09-30,CNY,400303000,556994000,156691000,156691000,-10815000,23638000,57128000,411118000,None,None,None,5185000,None,None,None,-1903000,-4167000,-5471000,None,None,None,-10815000,-12718000,1902000,GOTU
2019-06-30,CNY,252490000,353679000,101189000,101189000,16226000,26088000,41128000,236264000,None,None,None,5106000,None,None,None,None,20307000,4539000,None,None,None,None,16226000,16374000,GOTU
2019-03-31,CNY,187110000,269155000,82045000,82045000,42727000,14422000,30442000,144383000,None,None,None,1116000,None,None,None,1573000,44376000,10018000,None,None,None,42727000,44300000,33891000,GOTU
2018-12-31,CNY,124327000,182265000,57938000,57938000,23773000,15818000,26547000,100554000,None,None,None,None,None,None,None,None,25537000,3122000,None,None,None,None,23773000,22974000,GOTU
2018-09-30,CNY,61688000,99244000,37556000,37556000,80000,10572000,20013000,61608000,None,None,None,None,None,None,None,None,375000,46000,None,None,None,None,80000,684000,GOTU
2018-06-30,CNY,42315000,68886000,26571000,26571000,-539000,8864000,15566000,42854000,None,None,None,None,None,None,None,None,-513000,-63000,None,None,None,None,-539000,-405000,GOTU
2018-03-31,CNY,26223000,46911000,20688000,20688000,-4160000,4577000,11924000,30383000,None,None,None,None,None,None,None,1130000,-4002000,-489000,None,None,None,-4160000,-3030000,-3603000,GOTU
