fiscalDateEnding,reportedCurrency,grossProfit,totalRevenue,costOfRevenue,costofGoodsAndServicesSold,operatingIncome,sellingGeneralAndAdministrative,researchAndDevelopment,operatingExpenses,investmentIncomeNet,netInterestIncome,interestIncome,interestExpense,nonInterestIncome,otherNonOperatingIncome,depreciation,depreciationAndAmortization,incomeBeforeTax,incomeTaxExpense,interestAndDebtExpense,netIncomeFromContinuingOperations,comprehensiveIncomeNetOfTax,ebit,ebitda,netIncome,ticker
2024-12-31,EUR,5407000000,5407000000,None,None,None,None,None,5407000000,None,3680000000,3680000000,None,None,None,None,None,1771000000,542000000,None,1229000000,None,None,None,1154000000,ING
2024-09-30,EUR,5909000000,5909000000,None,None,-1000000,None,None,5910000000,None,3689000000,3689000000,None,None,None,None,2669000000,2668000000,724000000,None,1944000000,None,-1000000,2668000000,1880000000,ING
2024-06-30,EUR,5700000000,5716000000,16000000,16000000,4146000000,3487000000,None,2848000000,None,3830000000,25999000000,None,None,None,None,-4146000000,2568000000,731000000,None,1836000000,None,2568000000,-1578000000,1780000000,ING
2024-03-31,EUR,5583000000,5583000000,1229000000,1229000000,-61000000,3487000000,None,3032000000,None,3825000000,3825000000,None,None,None,None,-2292000000,2293000000,653000000,None,1640000000,None,3243000000,-123000000,1578000000,ING
2023-12-31,EUR,5409000000,5409000000,None,None,-68000000,6724266000,None,3076000000,None,3875000000,3875000000,None,None,None,None,1918266000,2247000000,620000000,None,1627000000,None,-1986266000,-68000000,1558000000,ING
2023-09-30,EUR,5659000000,5842000000,183000000,183000000,2912000000,None,None,2793000000,None,4028000000,4028000000,None,None,None,None,-2866000000,2866000000,817000000,None,2049000000,None,2753000000,-113000000,1982000000,ING
2023-06-30,EUR,5725000000,5725000000,None,None,2973000000,3320000000,None,-2752000000,None,4061000000,21378000000,None,None,None,None,122085,3035000000,818000000,None,2217000000,None,2972877915,2973000000,2155000000,ING
2023-03-31,EUR,5567000000,5567000000,None,None,2268000000,None,None,-3299000000,None,4012000000,4012000000,None,None,None,None,41584,2344000000,715000000,None,1629000000,None,2305958416,2306000000,1591000000,ING
2022-12-31,EUR,4868000000,4868000000,None,None,1617000000,6151068000,None,-3251000000,None,3545000000,3545000000,None,None,None,None,54880,1711000000,575000000,None,1136000000,None,1663945120,1664000000,1089000000,ING
2022-09-30,EUR,4412000000,4412000000,None,None,1432000000,None,None,-2980000000,None,3332000000,3332000000,None,None,None,None,27081,1380000000,427000000,None,953000000,None,1405972919,1406000000,979000000,ING
2022-06-30,EUR,4799000000,4799000000,None,None,1671000000,2976000000,None,-3128000000,None,3465000000,3465000000,None,None,None,None,86065,1743000000,530000000,None,1213000000,None,1706913935,1707000000,1177000000,ING
2022-03-31,EUR,4599000000,4599000000,None,None,623000000,None,None,-3976000000,None,3415000000,3415000000,45000000,None,None,None,60459,668000000,194000000,None,474000000,None,622939541,623000000,429000000,ING
2021-12-31,EUR,4624000000,4624000000,None,None,1296000000,5939925000,None,-3328000000,None,13615000000,3374000000,35000000,None,None,None,71391,1331000000,351000000,None,980000000,None,1295928609,1296000000,945000000,ING
2021-09-30,EUR,4648000000,4648000000,None,None,1888000000,None,None,-2760000000,None,3388000000,3388000000,None,None,None,None,54000,1924000000,521000000,None,1403000000,None,1887946000,1888000000,1367000000,ING
2021-06-30,EUR,4497000000,4497000000,None,None,2025000000,None,None,-2472000000,None,6853000000,7208000000,None,None,None,None,55806,2065000000,566000000,None,1499000000,None,2024944194,2025000000,1459000000,ING
2021-03-31,EUR,4702000000,4702000000,None,None,1444000000,None,None,-3258000000,None,2926000000,3513000000,None,None,None,None,55213,1463000000,439000000,None,1024000000,None,1443944787,1444000000,1005000000,ING
2020-12-31,EUR,4169000000,4169000000,None,None,1031000000,1785000000,None,-3138000000,None,12499000000,12299000000,None,None,None,None,55131,1046000000,304000000,None,508000000,None,1030944869,1031000000,727000000,ING
2020-09-30,EUR,4286000000,4286000000,None,None,1177000000,1429000000,None,1318000000,None,3218000000,3329000000,None,None,None,None,52750,1204000000,389000000,None,815000000,None,1176947250,1177000000,788000000,ING
2020-06-30,EUR,4637000000,4637000000,None,None,523000000,1458000000,None,1321000000,None,6932000000,8440000000,None,None,None,None,51116,541000000,224000000,None,-62000000,None,522948884,523000000,299000000,ING
2020-03-31,EUR,4510000000,4510000000,None,None,999000000,None,None,-3511000000,None,2975000000,3522000000,None,None,None,None,47300,1017000000,329000000,None,688000000,None,998952700,999000000,670000000,ING
2019-12-31,EUR,4196000000,4439000000,243000000,243000000,1309000000,3773000000,0,-2887000000,None,6716000000,17682000000,0,None,0,None,46467,1337000000,428000000,None,30000000,None,1308953533,1309000000,880000000,ING
2019-09-30,EUR,4626000000,4626000000,0,0,1887000000,1462000000,0,1356000000,None,3423000000,3529000000,0,None,0,None,44646,1911000000,543000000,None,1368000000,None,1886955354,1887000000,1344000000,ING
2019-06-30,EUR,4531000000,4531000000,0,0,1977000000,4831065479.92,0,-2554000000,None,6953000000,10600000000,0,None,0,None,40963,2004000000,540000000,None,614000000,None,1976959037,1977000000,1437000000,ING
2019-03-31,EUR,4576000000,4576000000,0,0,1562000000,3851053221.46,0,-515000000,None,2968000000,3633000000,0,None,0,None,40374,1582000000,443000000,None,1140000000,None,1561959626,1562000000,1119000000,ING
2018-12-31,EUR,4517000000,4536000000,19000000,19000000,1697000000,3874000000,0,-2820000000,None,None,None,0,None,0,None,-1896602000,1726000000,424000000,None,2698578980.81,None,3593602000,1697000000,1272000000,ING
2018-09-30,EUR,4682000000,4682000000,0,0,1358000000,1346000000,0,1255000000,None,None,None,0,None,0,None,-2161000000,1385000000,582000000,None,930771011.81,None,3519000000,1358000000,776000000,ING
2018-06-30,EUR,4421000000,4421000000,38490128964650,38490128964650,1987000000,1383000000,0,-2434000000,None,None,None,0,None,0,None,-1995000000,2009000000,558000000,None,1688780260.71,None,3982000000,1987000000,1429000000,ING
2018-03-31,EUR,4489000000,4489000000,0,0,1688000000,1648419239.76,0,-493000000,None,None,None,0,None,None,None,-1718000000,1718000000,463000000,None,1542625169.15,None,3406000000,1688000000,1225000000,ING
2017-12-31,EUR,4381000000,4381000000,6271080000,6271080000,1557000000,5507796000,0,-2824000000,None,None,None,36316000000,None,None,None,-2406204000,1574000000,542000000,None,5214000000,None,3963204000,1557000000,1015000000,ING
2017-09-30,EUR,4282000000,4282000000,-5732887000,-5732887000,1993000000,5223000000,0,2168000000,None,None,None,0,None,None,None,-1993000000,2114000000,717000000,None,707000000,None,2093000000,100000000,1376000000,ING
2017-06-30,EUR,4239000000,4239000000,5732887000,5732887000,1958000000,1309000000,0,2279000000,None,None,None,0,None,None,None,-1958000000,1960000000,566000000,None,-2098000000,None,1937000000,-21000000,1371000000,ING
2017-03-31,EUR,4263000000,4263000000,0,0,1620000000,1271000000,0,2643000000,None,None,None,0,None,None,None,-1620000000,1620000000,456000000,None,1164000000,None,1599000000,-21000000,1143000000,ING
2016-12-31,EUR,4353000000,4353000000,4727732000,4727732000,2247000000,1574000000,0,3385000000,None,None,None,32635000000,None,None,None,-2247000000,968000000,198000000,None,4285000000,None,951000000,-1296000000,753000000,ING
2016-09-30,EUR,4099000000,4099000000,-5713473000,-5713473000,1890000000,0,0,2209000000,None,None,None,0,None,None,None,-1890000000,1890000000,522000000,None,0,None,1870000000,-20000000,1348000000,ING
2016-06-30,EUR,4104000000,4104000000,5713473000,5713473000,2051000000,1258000000,0,2158000000,None,None,None,0,None,None,None,-2051000000,1946000000,564000000,None,0,None,1923000000,-128000000,1359000000,ING
2016-03-31,EUR,3823000000,3823000000,None,None,1109000000,None,None,2727000000,None,None,None,None,None,None,None,-1109000000,1096000000,329000000,None,None,None,1080000000,-29000000,751000000,ING
2015-12-31,EUR,4016000000,4043000000,27000000,27000000,8170000000,1546000000,0,4154000000,None,None,None,7990000000,None,None,None,160000000,1202000000,367000000,None,4535000000,None,8170000000,8330000000,819000000,ING
2015-09-30,EUR,3870000000,3870000000,2633708000,2633708000,9956000000,1571000000,0,6086000000,None,None,None,8517000000,None,None,None,152000000,1386000000,375000000,None,0,None,9956000000,10108000000,1064000000,ING
2015-06-30,EUR,4208000000,4208000000,2795205000,2795205000,10144000000,1616000000,0,5936000000,None,None,None,8334000000,None,None,None,158000000,1959000000,451000000,None,0,None,10144000000,10302000000,1359000000,ING
2015-03-31,EUR,4304000000,4304000000,2698139000,2698139000,11138000000,1272000000,0,6834000000,None,None,None,8919000000,None,None,None,164000000,1635000000,450000000,None,0,None,11138000000,11302000000,1769000000,ING
2014-12-31,EUR,3444000000,3789000000,345000000,345000000,9927000000,2543000000,0,-5415000000,None,None,None,8822000000,None,None,None,29000000,783000000,215000000,None,2502000000,None,9927000000,9956000000,1176000000,ING
2014-09-30,EUR,3914000000,3914000000,2297410000,2297410000,9997000000,1537000000,0,6083000000,None,None,None,8706000000,None,None,None,175000000,1421000000,365000000,None,0,None,9997000000,10172000000,928000000,ING
2014-06-30,EUR,3757000000,3757000000,3191388000,3191388000,10140000000,1544000000,0,6383000000,None,None,None,8734000000,None,None,None,167000000,1137000000,339000000,None,0,None,10140000000,10307000000,1067000000,ING
2014-03-31,EUR,3788000000,3788000000,3429096000,3429096000,7770000000,2131000000,0,3982000000,None,None,None,9597000000,None,None,None,172000000,429000000,90000000,None,0,None,7770000000,7942000000,-1917000000,ING
2013-12-31,EUR,4054000000,4054000000,3992456000,3992456000,17101000000,0,0,13047000000,None,None,None,40717000000,None,None,None,-856000000,823000000,189000000,None,0,None,17957000000,17101000000,625000000,ING
2013-09-30,EUR,3189000000,3189000000,3657743000,3657743000,1080000000,0,0,2148000000,None,None,None,0,None,None,None,-1080000000,1041000000,248000000,None,0,None,1025000000,-55000000,777000000,ING
2013-06-30,EUR,-340000000,-340000000,6622090000,6622090000,667000000,0,0,1112000000,None,None,None,0,None,None,None,-667000000,772000000,180000000,None,0,None,754000000,87000000,574000000,ING
2013-03-31,EUR,6933000000,6933000000,None,None,1700000000,None,None,5402000000,None,None,None,None,None,None,None,-1700000000,1531000000,420000000,None,None,None,1309000000,-391000000,889000000,ING
2012-12-31,EUR,9690000000,9690000000,10055079000,10055079000,11489000000,26411000000,0,-4972000000,None,None,None,23373000000,None,None,None,737000000,-23000000,-271000000,None,0,None,24148000000,24885000000,1046000000,ING
2012-09-30,EUR,9497000000,9497000000,6683623000,6683623000,1117000000,1787000000,0,-8380000000,None,None,None,86000000,None,None,None,51000000,1065000000,312000000,None,0,None,1117000000,1168000000,609000000,ING
2012-06-30,EUR,9392000000,9392000000,1898322000,1898322000,25490000000,1335000000,0,16098000000,None,None,None,24524000000,None,None,None,67000000,890000000,177000000,None,0,None,25490000000,25557000000,789000000,ING
2012-03-31,EUR,11552000000,11552000000,13073987000,13073987000,1201000000,1850000000,0,-10351000000,None,None,None,136000000,None,None,None,69000000,1108000000,360000000,None,0,None,1201000000,1270000000,680000000,ING
2011-12-31,EUR,18401000000,18401000000,11818291000,11818291000,21957000000,37260000000,0,-5424000000,None,None,None,24293000000,None,None,None,1547000000,-917000000,-334000000,None,0,None,24079000000,25626000000,120000000,ING
2011-09-30,EUR,11747000000,11747000000,11793421000,11793421000,1357000000,1708000000,0,-10390000000,None,None,None,17000000,None,None,None,73000000,1347000000,241000000,None,0,None,1357000000,1430000000,1099000000,ING
2011-06-30,EUR,10349000000,10349000000,12833462000,12833462000,1610000000,1750000000,0,-8739000000,None,None,None,6000000,None,None,None,42000000,1617000000,333000000,None,0,None,1610000000,1652000000,1507000000,ING
2011-03-31,EUR,14239000000,14239000000,13973092000,13973092000,2279000000,1966000000,0,-11960000000,None,None,None,157000000,None,None,None,78000000,2156000000,630000000,None,0,None,2279000000,2357000000,1381000000,ING
2010-12-31,EUR,12329000000,12329000000,12218133000,12218133000,23674000000,18507000000,0,-23972000000,None,None,None,77420000000,None,None,None,1744000000,708000000,208000000,None,0,None,673000000,2417000000,465000000,ING
2010-09-30,EUR,12642000000,12642000000,18127305000,18127305000,1647000000,1921000000,0,-10995000000,None,None,None,149000000,None,None,None,113000000,1531000000,455000000,None,0,None,1647000000,1760000000,1043000000,ING
2010-06-30,EUR,14501000000,14501000000,30957342000,30957342000,574000000,11710000000,0,-13927000000,None,None,None,0,None,None,None,135000000,593000000,47000000,None,0,None,574000000,709000000,527000000,ING
2010-03-31,EUR,12408000000,12408000000,0,0,1993000000,10341000000,0,-10415000000,None,None,None,158000000,None,None,None,169000000,1547000000,511000000,None,0,None,1824000000,1993000000,1230000000,ING
2009-12-31,EUR,9070000000,9070000000,12997250000,12997250000,10356000000,10732000000,0,1286000000,None,None,None,12056000000,None,None,None,1865000000,-1706000000,-500000000,None,0,None,10356000000,12221000000,-1200000000,ING
2009-09-30,EUR,11944000000,11944000000,17802269000,17802269000,17321000000,9103000000,0,5377000000,None,None,None,16767000000,None,None,None,151000000,545000000,55000000,None,0,None,17321000000,17472000000,499000000,ING
2009-06-30,EUR,10871000000,10871000000,15151809000,15151809000,540000000,7617000000,0,-10331000000,None,None,None,16767000000,None,None,None,408000000,457000000,12000000,None,0,None,540000000,948000000,528000000,ING
2009-03-31,EUR,14862000000,14862000000,19627605000,19627605000,20191000000,12930000000,0,5329000000,None,None,None,21044000000,None,None,None,403000000,-874000000,-60000000,None,0,None,20191000000,20594000000,-793000000,ING
2008-12-31,EUR,13815415820,13815415820,23610379000,23610379000,69519000000,53991485640,0,-5957794590,None,None,None,22434721210,None,None,None,-52089849300,-5042570510,-1297636510,None,0,None,69519000000,17429150700,-3707934000,ING
2008-09-30,EUR,15621671750,15621671750,16943351000,16943351000,21613584710,2210794590,0,5991912960,None,None,None,22309378580,None,None,None,None,-695793870,-218455160,None,0,None,0,21613584710,-477338710,ING
2008-06-30,EUR,17209000000,17209000000,23237397000,23237397000,2488000000,3747000000,0,-14721000000,None,None,None,218000000,None,None,None,54000000,2246000000,324000000,None,0,None,21559584710,2488000000,1920000000,ING
2008-03-31,EUR,19723235310,19723235310,27606594000,27606594000,23617353810,15869000000,0,3894118500,None,None,None,21595578140,None,None,None,358000000,2021775670,482490780,None,0,None,23259353810,23617353810,1540000000,ING
2007-12-31,EUR,19981130430,19981130430,26850955000,26850955000,95606000000,53252587040,0,-4100620230,None,None,None,18096816240,None,None,None,-74762606420,3013577340,266606300,None,0,None,95606000000,20843393580,2479971040,ING
2007-09-30,EUR,18545177280,18545177280,24996969000,24996969000,20751902010,2021721450,0,2206724730,None,None,None,18089676780,None,None,None,None,2662225230,355290390,None,0,None,0,20751902010,2306934840,ING
2007-06-30,EUR,18860798100,18860798100,21677138000,21677138000,18992299160,2078898780,0,131501060,None,None,None,16020966220,None,None,None,None,2971332940,412233660,None,0,None,0,18992299160,2559000000,ING
2007-03-31,EUR,18247971320,18247971320,21473294000,21473294000,51493318360,0,0,33245347040,None,None,None,49097848680,None,None,None,None,2736469680,288530160,None,0,None,0,51493318360,2106939520,ING
2006-12-31,EUR,18247971320,18247971320,23011540000,23011540000,51493318360,0,0,33245347040,None,None,None,49097848680,None,None,None,None,2736469680,288530160,None,0,None,0,51493318360,2106939520,ING
2006-09-30,EUR,17145221640,17145221640,19091432000,19091432000,2290599720,0,0,-14854621920,None,None,None,291545200,None,None,None,None,1999054520,429438200,None,0,None,0,2290599720,1569616320,ING
2006-06-30,EUR,18546054800,18546054800,21807954000,21807954000,2872142000,2016760200,0,-15673912800,None,None,None,295822800,None,None,None,None,2576319200,561124200,None,0,None,0,2872142000,2015195000,ING
2006-03-31,EUR,19006580380,19006580380,20128890000,20128890000,2926310470,0,0,-16080269910,None,None,None,292878550,None,None,None,None,2633431920,628657620,None,0,None,0,2926310470,2004774300,ING
2005-12-31,EUR,17692412570,17692412570,17681031000,17681031000,68328000000,0,0,50635587430,None,None,None,39285156230,None,None,None,-26694636710,2152207060,208913920,None,0,None,68328000000,41633363290,2139293140,ING
2005-09-30,EUR,17792000000,17792000000,18745158000,18745158000,2564000000,0,0,-15228000000,None,None,None,283000000,None,None,None,None,2353000000,403000000,None,0,None,0,2564000000,1878000000,ING
2005-06-30,EUR,17190081090,17190081090,17726637000,17726637000,1990491300,0,0,-15199589790,None,None,None,249430860,None,None,None,None,1741060440,193267620,None,0,None,0,1990491300,1547792820,ING
2005-03-31,EUR,16918973660,16918973660,19535203000,19535203000,2404000000,0,0,8658000000,None,None,None,271719360,None,None,None,-215615640,1916665000,389920940,None,0,None,2404000000,2188384360,1526744060,ING
2004-12-31,EUR,16918973660,16918973660,25706204000,25706204000,2404000000,0,0,8658000000,None,None,None,271719360,None,None,None,-215615640,1916665000,389920940,None,0,None,2404000000,2188384360,1526744060,ING
