fiscalDateEnding,reportedCurrency,grossProfit,totalRevenue,costOfRevenue,costofGoodsAndServicesSold,operatingIncome,sellingGeneralAndAdministrative,researchAndDevelopment,operatingExpenses,investmentIncomeNet,netInterestIncome,interestIncome,interestExpense,nonInterestIncome,otherNonOperatingIncome,depreciation,depreciationAndAmortization,incomeBeforeTax,incomeTaxExpense,interestAndDebtExpense,netIncomeFromContinuingOperations,comprehensiveIncomeNetOfTax,ebit,ebitda,netIncome,ticker
2024-12-31,ARS,68911000000,115054000000,46143000000,46143000000,52860000000,16303000000,None,16051000000,None,30953000000,835000000,12646000000,None,None,None,2455000000,102186000000,25368000000,None,76818000000,None,114832000000,117287000000,74355000000,IRS
2024-09-30,ARS,57415000000,89873000000,32458000000,32458000000,-187584000000,9758000000,None,244999000000,None,-10683000000,961000000,10904000000,None,None,None,1982000000,-164408000000,-55373000000,None,-109035000000,None,-153504000000,-151522000000,-105646000000,IRS
2024-06-30,ARS,74881000000,114981000000,40100000000,40100000000,38499000000,29839000000,None,76482000000,None,1040000000,16574000000,11604000000,None,None,None,None,95611000000,None,None,77925000000,None,None,None,75800000000,IRS
2024-03-31,ARS,75678000000,115778000000,40100000000,40100000000,71458000000,28717000000,None,36382000000,None,112252000000,10561000000,11103000000,None,None,None,2450000000,112148000000,23474000000,None,-333995000000,None,53236000000,55686000000,75800000000,IRS
2023-12-31,ARS,40956000000,61044000000,20088000000,20088000000,25860000000,9991000000,None,15096000000,None,-34860000000,4189000000,11103000000,None,None,None,2297000000,-479707000000,-147350000000,None,22309000000,None,-470242000000,-467945000000,-319500000000,IRS
2023-09-30,ARS,36971000000,54722000000,17751000000,17751000000,26160000000,7449000000,None,10811000000,None,-2073000000,4862000000,8792000000,None,None,None,1226000000,-5099000000,-10880000000,None,81080000000,None,20221000000,21447000000,23422000000,IRS
2023-06-30,ARS,23061000000,35409000000,12348000000,12348000000,-11531000000,17723000000,None,26229000000,None,10776000000,4751000000,14236000000,None,None,None,None,-4310000000,-29078000000,None,29218000000,None,10076000000,None,26583000000,IRS
2023-03-31,ARS,23061000000,35409000000,12348000000,12348000000,-7081000000,11172000000,None,13881000000,None,1484000000,3769000000,3061000000,None,None,None,717000000,140000000,-29078000000,None,12978000000,None,24259000000,24976000000,29475000000,IRS
2022-12-31,ARS,11727000000,17205000000,5478000000,5478000000,8260000000,2156000000,None,6156000000,None,-513000000,2610000000,3006000000,None,None,None,477000000,-13151000000,-27066000000,None,13915000000,None,8260000000,8737000000,13727000000,IRS
2022-09-30,ARS,7967000000,12624000000,4657000000,4657000000,4281000000,1946000000,None,3000000000,None,2747000000,345000000,2509000000,None,None,None,54880,32180000000,8790000000,None,1297000000,None,4632945120,4633000000,22082000000,IRS
2022-06-30,ARS,7967000000,12624000000,4657000000,4657000000,4281000000,1946000000,None,3000000000,None,-2010000000,1097000000,2509000000,None,None,None,352000000,32180000000,8790000000,None,23390000000,None,4281000000,4633000000,22082000000,IRS
2022-03-31,ARS,4068000000,6634000000,2566000000,2566000000,8087000000,917000000,None,1115000000,None,4572000000,107000000,1883000000,None,None,None,235000000,-30242000000,-12122000000,None,-18120000000,None,8087000000,8322000000,-18120000000,IRS
2021-12-31,ARS,3939000000,6222000000,2283000000,2283000000,31891000000,1082000000,None,1655000000,None,2671000000,1665000000,1860000000,None,None,None,86065,34613000000,7975000000,None,26638000000,None,7005913935,7006000000,26383000000,IRS
2021-09-30,ARS,-905000000,3034000000,3939000000,3939000000,2456000000,977000000,None,-500000000,None,1364000000,62000000,227000000,None,None,None,71391,2255000000,20576000000,None,-1014000000,None,-2479071391,-2479000000,-12111000000,IRS
2021-06-30,ARS,-905000000,-1256000000,-351000000,-351000000,2456000000,977000000,None,-500000000,None,-1400000000,3564000000,227000000,None,None,None,2000000,2255000000,20576000000,None,-18321000000,None,-2481000000,-2479000000,-12111000000,IRS
2021-03-31,ARS,3251000000,5560000000,2309000000,2309000000,-24591000000,729000000,None,973000000,None,-487000000,93000000,1633000000,None,None,None,411000000,-27453000000,-5918000000,None,-21535000000,None,1049000000,1460000000,-17547000000,IRS
2020-12-31,ARS,1752000000,3160000000,1408000000,1408000000,-16973000000,798000000,None,1173000000,None,2285000000,6000000,1394000000,None,None,None,55806,-15305000000,-4855000000,None,-10450000000,None,2544944194,2545000000,-7950000000,IRS
2020-09-30,ARS,7849000000,26229000000,18380000000,18380000000,31334000000,2616000000,None,6910000000,None,-1540000000,597000000,4951000000,None,None,None,55131,31740000000,4727000000,None,14736000000,None,13467944869,13468000000,23816000000,IRS
2020-06-30,ARS,7849000000,26229000000,18380000000,18380000000,31334000000,2616000000,None,6910000000,None,-4737000000,817000000,4951000000,None,None,None,4664000000,31740000000,4727000000,None,27013000000,None,8804000000,13468000000,23816000000,IRS
2020-03-31,ARS,8124000000,23441000000,15317000000,15317000000,-630000000,2745000000,None,4465000000,None,-11359000000,1696000000,4883000000,None,None,None,52750,-9073000000,-407000000,None,-8666000000,None,4673947250,4674000000,-8035000000,IRS
2019-12-31,ARS,8712000000,21978000000,13266000000,13266000000,-5582000000,2286000000,0,7919000000,None,470000000,24873000000,4155000000,None,0,None,51116,-6869000000,315000000,None,-7184000000,None,7057948884,7058000000,-5108000000,IRS
2019-09-30,ARS,-2012000000,11242000000,13254000000,13254000000,-15387000000,1841000000,0,5106000000,None,-4253000000,11045000000,3861000000,None,0,None,46467,-18028000000,-75000000,None,-4112000000,None,-8171046467,-8171000000,-16814000000,IRS
2019-06-30,ARS,-2012000000,11242000000,13254000000,13254000000,-15387000000,1841000000,0,5106000000,None,-3420000000,2469000000,3861000000,None,0,None,2182000000,-18028000000,-75000000,None,-17953000000,None,-10353000000,-8171000000,-16814000000,IRS
2019-03-31,ARS,6477000000,17045000000,10568000000,10568000000,3505000000,1873000000,0,4383000000,None,-5088000000,18992000000,4584000000,None,0,None,44646,-2009000000,484000000,None,-2493000000,None,3462955354,3463000000,-2916000000,IRS
2018-12-31,ARS,6605000000,15009000000,8404000000,8404000000,-10280000000,1659000000,0,3266000000,None,None,None,466000000,None,0,None,40963,-15633000000,-4040000000,None,-12310000000,None,314959037,315000000,-6402000000,IRS
2018-09-30,ARS,-7473000000,16917000000,24390000000,24390000000,9423000000,263000000,0,-7119000000,None,None,None,1954000000,None,0,None,-348000000,-2252000000,35000000,None,5429000000,None,-943000000,-1291000000,5598000000,IRS
2018-06-30,ARS,-7473000000,16917000000,24390000000,24390000000,9423000000,263000000,0,-7119000000,None,None,None,1954000000,None,0,None,-348000000,-2252000000,35000000,None,-2287000000,None,-943000000,-1291000000,5598000000,IRS
2018-03-31,ARS,7169000000,22656000000,15487000000,15487000000,2734000000,1262000000,0,5729000000,None,None,None,3079000000,None,None,None,1458000000,817000000,338000000,None,479000000,None,2602000000,4060000000,487000000,IRS
2017-12-31,ARS,7277000000,22827000000,15550000000,15550000000,10599000000,1200000000,0,4776000000,None,None,None,3026000000,None,None,None,1390000000,8826000000,-1737000000,None,10502000000,None,3754000000,5144000000,8365000000,IRS
2017-09-30,ARS,6486000000,20213000000,13727000000,13727000000,5358000000,814000000,0,4646000000,None,None,None,2011000000,None,None,None,1237000000,1301000000,1240000000,None,61000000,None,2236000000,3473000000,553000000,IRS
2017-06-30,ARS,6406000000,18971000000,12565000000,12565000000,6403000000,823000000,0,4202000000,None,None,None,1638000000,None,None,None,358000000,4511000000,3052000000,None,1170000000,None,2250000000,2608000000,892000000,IRS
2017-03-31,ARS,5359000000,18370000000,13011000000,13011000000,702000000,1008000000,0,4762000000,None,None,None,1139000000,None,None,None,1456000000,240000000,197000000,None,-86000000,None,1274000000,2730000000,71000000,IRS
2016-12-31,ARS,5466000000,18144000000,12678000000,12678000000,1141000000,897000000,0,4411000000,None,None,None,2744000000,None,None,None,1492000000,-40000000,-388000000,None,43000000,None,2618000000,4110000000,2644000000,IRS
2016-09-30,ARS,5420000000,18687000000,13267000000,13267000000,1147000000,760000000,0,4292000000,None,None,None,1793000000,None,None,None,1409000000,-370000000,54000000,None,0,None,1267000000,2676000000,-577000000,IRS
2016-06-30,ARS,4837000000,12944000000,8107000000,8107000000,286000000,1262000000,0,4577000000,None,None,None,849000000,None,None,None,1490000000,-352000000,-101000000,None,8679000000,None,1198000000,2688000000,-17000000,IRS
2016-03-31,ARS,4147000000,17567000000,13420000000,13420000000,1198000000,532000000,0,2988000000,None,None,None,2146000000,None,None,None,1098000000,-115000000,14000000,None,0,None,1992000000,3090000000,-189000000,IRS
2015-12-31,ARS,658000000,1195000000,537000000,537000000,1223000000,142000000,0,74000000,None,None,None,1804000000,None,None,None,51434000,-472000000,124000000,None,0,None,693000000,744434000,-213000000,IRS
2015-09-30,ARS,533356000,968490000,435134000,435134000,724024000,131086000,0,191096000,None,None,None,171156000,None,None,None,54566000,-203698000,112269000,None,0,None,-147668000,-93102000,-275692000,IRS
2015-06-30,ARS,492242000,893595000,401353000,401353000,648613000,112674000,0,174826000,None,None,None,156915000,None,None,None,40767000,332150000,98640000,None,2710000000,None,141238000,182005000,203503000,IRS
2015-03-31,ARS,436420000,812477000,376057000,376057000,281084000,99215000,0,155336000,None,None,None,290484000,None,None,None,49328000,-199797000,10529000,None,0,None,90687000,140015000,-249210000,IRS
2014-12-31,ARS,532815000,930139000,397324000,397324000,951594000,83203000,0,64787000,None,None,None,207692000,None,None,None,42356000,113852000,202766000,None,0,None,-162022000,-119666000,1256000,IRS
2014-09-30,ARS,436575000,790069000,353494000,353494000,640068000,79389000,0,118261000,None,None,None,176396000,None,None,None,42830000,312130000,176331000,None,0,None,194577000,237407000,3258000,IRS
2014-06-30,ARS,390648000,797335000,406687000,406687000,343988000,103026000,0,138676000,None,None,None,128199000,None,None,None,57093000,-704744000,48031000,None,-831000000,None,-244422000,-187329000,-694457000,IRS
2014-03-31,ARS,367945000,673881000,305936000,305936000,366081000,64523000,0,109745000,None,None,None,807309000,None,None,None,55475000,-157754000,-104986000,None,0,None,541674000,597149000,-70352000,IRS
2013-12-31,ARS,404343000,752513000,348170000,348170000,298036000,70901000,0,113788000,None,None,None,418247000,None,None,None,58127000,-81602000,-20260000,None,0,None,329164000,387291000,-54060000,IRS
2013-09-30,ARS,327747000,621447000,293700000,293700000,229051000,58478000,0,92571000,None,None,None,94873000,None,None,None,55124000,48216000,12948000,None,0,None,274470000,329594000,32382000,IRS
2013-06-30,ARS,296708000,583121000,286413000,286413000,325959000,44748000,0,80022000,None,None,None,89472000,None,None,None,57278000,-30299000,51754000,None,0,None,197231000,254509000,-81901000,IRS
2013-03-31,ARS,257537000,518018000,260481000,260481000,190805000,42144000,0,74792000,None,None,None,192856000,None,None,None,55648000,144391000,11009000,None,0,None,329187000,384835000,96856000,IRS
2012-12-31,ARS,302155000,599730000,297575000,297575000,360932000,65453000,0,-33887000,None,None,None,181044000,None,None,None,56648000,229528000,34459000,None,0,None,385682000,442330000,182640000,IRS
2012-09-30,ARS,243169000,483047000,239878000,239878000,197942000,43533000,0,71447000,None,None,None,81426000,None,None,None,50447000,88436000,37626000,None,0,None,184845000,235292000,41142000,IRS
2012-06-30,ARS,320170000,488487000,168317000,168317000,227163000,58799000,0,53599000,None,None,None,68401000,None,None,None,41668000,75259000,11845000,None,0,None,456499000,498167000,63372000,IRS
2012-03-31,ARS,218783000,415604000,196821000,196821000,168422000,43071000,0,68371000,None,None,None,78513000,None,None,None,39535000,153899000,37812000,None,0,None,214402000,253937000,95071000,IRS
2011-12-31,ARS,244454000,481288000,236834000,236834000,198286000,48519000,0,70895000,None,None,None,5680000,None,None,None,39119000,260053000,32807000,None,0,None,241006000,280125000,193580000,IRS
2011-09-30,ARS,228792000,428546000,199754000,199754000,164118000,49900000,0,20338000,None,None,None,65839000,None,None,None,36716000,92900000,31534000,None,0,None,239256000,275972000,58943000,IRS
2011-06-30,ARS,228792000,428546000,199754000,199754000,164118000,49900000,0,20338000,None,None,None,65839000,None,None,None,36716000,92900000,31534000,None,0,None,239256000,275972000,58943000,IRS
2011-03-31,ARS,185139000,315709000,130570000,130570000,120600000,44307000,0,108875000,None,None,None,63150000,None,None,None,40081000,81803000,23919000,None,0,None,117847000,157928000,52603000,IRS
2010-12-31,ARS,223519000,390891000,167372000,167372000,162710000,56392000,0,60809000,None,None,None,51184000,None,None,None,38351000,175825000,36938000,None,0,None,219804000,258155000,114365000,IRS
2010-09-30,ARS,232971000,371274000,138303000,138303000,146596000,53658000,0,32847000,None,None,None,28951000,None,None,None,40646000,65889000,36512000,None,0,None,166388000,207034000,34768000,IRS
2010-06-30,ARS,232971000,371274000,138303000,138303000,146596000,53658000,0,32847000,None,None,None,28951000,None,None,None,40646000,65889000,36512000,None,0,None,166388000,207034000,34768000,IRS
2010-03-31,ARS,188942000,295457000,106515000,106515000,101293000,58396000,0,115072000,None,None,None,36289000,None,None,None,39392000,81928000,27253000,None,0,None,86617000,126009000,35420000,IRS
2009-12-31,ARS,269107000,393368000,124261000,124261000,63689000,119279000,0,205418000,None,None,None,39058000,None,None,None,39513000,215473000,58543000,None,0,None,257547000,297060000,132868000,IRS
2009-09-30,ARS,238747000,388624000,149877000,149877000,156500000,37098000,0,120669000,None,None,None,218452000,None,None,None,33101000,351047000,82209000,None,0,None,247087000,280188000,264812000,IRS
2009-06-30,ARS,238747000,388624000,149877000,149877000,156500000,37098000,0,120669000,None,None,None,218452000,None,None,None,33101000,351047000,82209000,None,0,None,247087000,280188000,264812000,IRS
2009-03-31,ARS,176280000,290597000,114317000,114317000,90318000,24521000,0,48707000,None,None,None,29588000,None,None,None,34698000,644000,11732000,None,0,None,115549000,150247000,-7162000,IRS
2008-12-31,ARS,183513000,322980000,139467000,139467000,50417000,40945000,0,133096000,None,None,None,74678000,None,None,None,33930000,-45978000,-11178000,None,0,None,29206000,63136000,-28750000,IRS
2008-09-30,ARS,147483138,254638957,107155819,107155819,30921128,162702128,0,116562009,None,None,None,67976000,None,None,None,98462853,30084935,1196194,None,0,None,19631062,118093915,31935541,IRS
2008-06-30,ARS,147483138.08,254638957.08,107155819,107155819,30921128.58,162702128.40,0,116562009.50,None,None,None,8545000,None,None,None,98462853.72,30084935.14,1196194.65,None,0,None,19631061.84,118093915.56,31935541,IRS
2008-03-31,ARS,159493078,331802083,172309005,172309005,81745861,28230000,0,77747216,None,None,None,7318000,None,None,None,-42616791.48,56531917,30380840,None,0,None,128408788.48,85791997,17090014,IRS
2007-12-31,ARS,172828650,301155869,128327218,128327218,86702640,28069000,0,86126009,None,None,None,9284000,None,None,None,29774249,81648452,34036993,None,0,None,119343746,149117995,35823605,IRS
2007-09-30,ARS,105910695,200936398,95025702,95025702,34506464,67255809.40,0,71404231,None,None,None,22635480,None,None,None,90607610,23091468,28953811,None,0,None,33854562,124462172,-8985771,IRS
2007-06-30,ARS,105910695.90,200936398.50,95025702.60,95025702.60,34506464.80,81477715.50,0,71404231.10,None,None,None,22635480.40,None,None,None,90607610.90,23091468.70,28953811.20,None,0,None,33854561.20,124462172.10,-8985771,IRS
2007-03-31,ARS,114246090,181276655,67030565,67030565,53828794,18853000,0,60417295,None,None,None,6943000,None,None,None,-36488777.30,73838888,18780942,None,0,None,64824284.30,28335507,47642786,IRS
2006-12-31,ARS,109078483,230291095,121212611,121212611,54139468,18716000,0,54939015,None,None,None,8635724,None,None,None,21002535,79988437,18904241,None,0,None,28694868,49697403,50432754,IRS
2006-09-30,ARS,117147618,197026278,79878660,79878660,79747704,70869035,0,37396826,None,None,None,13503237.42,None,None,None,22545317,72824978,9102392,None,0,None,74216329,96761646,55773012,IRS
2006-06-30,ARS,117147618.11,197026278.56,79878660.45,79878660.45,79747704.57,70869035.29,0,37396826.55,None,None,None,13503237.42,None,None,None,22545317.40,72824978.90,9102392.88,None,0,None,74216329.52,96761646.92,55773012.63,IRS
2006-03-31,ARS,73682600,124831994,51149393,51149393,37261719,10978000,0,36423961,None,None,None,3697000,None,None,None,18139896,33624250,16166867,None,0,None,37431118,55571014,11919561,IRS
2005-12-31,ARS,80307611,146097274,65789662,65789662,50808278,9961000,0,29499333,None,None,None,13503237,None,None,None,39031643,37286866,19767188,None,0,None,55442633,94474276,10334913,IRS
2005-09-30,ARS,47731367,96372278,48640911,48640911,55544979,50572136,0,-7813611.60,None,None,None,28706101.02,None,None,None,19634744,45874389,11706781,None,0,None,53092295,72727039,24574356,IRS
2005-06-30,ARS,47731367.52,96372278.82,48640911.30,48640911.30,55544979.12,50572136.16,0,-7813611.60,None,None,None,28706101.02,None,None,None,19634744.34,45874389.06,11706781.92,None,0,None,53092295.16,72727039.50,24574356.48,IRS
2005-03-31,ARS,51599412,90246486,38647073,38647073,26910656,8254000,0,24688755,None,None,None,4583000,None,None,None,19039393,41562953,12211705,None,0,None,10094776,29134169,21560016,IRS
2004-12-31,ARS,68115792,115549701,47433908,47433908,40572811,9351000,0,27545961,None,None,None,4672000,None,None,None,18740257,65697395,20927384,None,0,None,28977749,47718006,39947844,IRS
