fiscalDateEnding,reportedCurrency,grossProfit,totalRevenue,costOfRevenue,costofGoodsAndServicesSold,operatingIncome,sellingGeneralAndAdministrative,researchAndDevelopment,operatingExpenses,investmentIncomeNet,netInterestIncome,interestIncome,interestExpense,nonInterestIncome,otherNonOperatingIncome,depreciation,depreciationAndAmortization,incomeBeforeTax,incomeTaxExpense,interestAndDebtExpense,netIncomeFromContinuingOperations,comprehensiveIncomeNetOfTax,ebit,ebitda,netIncome,ticker
2024-09-30,USD,97000000,448400000,351400000,252000000,73200000,99400000,None,99400000,None,-35300000,None,35300000,3200000,3600000,None,23800000,41500000,13100000,0,28400000,36000000,76800000,100600000,28400000,KAR
2024-06-30,USD,79900000,431800000,351900000,245900000,55800000,106000000,None,106000000,None,-37400000,None,37400000,-500000,-200000,None,24100000,18200000,7500000,0,10700000,6900000,55600000,79700000,10700000,KAR
2024-03-31,USD,80100000,416300000,336200000,213900000,69400000,108700000,None,108700000,None,-39700000,None,39700000,-2000000,-500000,None,24300000,29200000,10700000,39700000,18500000,9000000,68900000,93700000,18500000,KAR
2023-12-31,USD,82700000,391300000,308600000,204800000,57400000,103800000,None,103800000,None,-39300000,None,39300000,0,3100000,None,25300000,21900000,7600000,39300000,13600000,28600000,61200000,82700000,14300000,KAR
2023-09-30,USD,92900000,416300000,323400000,216000000,66500000,107400000,None,107400000,None,-39400000,38700000,39400000,1200000,-1700000,None,26400000,25400000,12700000,39400000,12700000,-200000,64800000,91200000,12700000,KAR
2023-06-30,USD,-167700000,416900000,584600000,222600000,-194500000,111200000,None,362000000,None,-38800000,38900000,38800000,-1400000,21300000,None,122085,-213100000,-19300000,39900000,-193800000,-184800000,-174300000,104400000,-193800000,KAR
2023-03-31,USD,76400000,420600000,344200000,224200000,65400000,108000000,None,108000000,None,-38300000,38500000,38300000,-100000,-7100000,None,15900000,20000000,7300000,38300000,12700000,15100000,58300000,81300000,12700000,KAR
2022-12-31,USD,77800000,372800000,295000000,202000000,87700000,93000000,None,59100000,None,-35400000,10700000,35400000,33700000,7700000,None,24000000,55000000,17900000,35600000,41900000,51900000,90400000,85500000,37100000,KAR
2022-09-30,USD,74300000,393000000,318700000,209600000,50000000,109100000,None,109100000,None,-32300000,36700000,32300000,-13400000,-1200000,None,23100000,900000,6700000,41600000,500000,-36800000,33200000,73100000,-5800000,KAR
2022-06-30,USD,48200000,384200000,336000000,211900000,22300000,124100000,None,124100000,None,-25900000,32400000,25900000,-11000000,-4000000,None,21900000,200300000,-9900000,33600000,-5400000,191400000,226200000,44200000,210200000,KAR
2022-03-31,USD,38300000,369400000,331100000,210800000,13700000,118900000,None,118900000,None,-25600000,29800000,25600000,-1200000,-1200000,None,29000000,-5000000,-4700000,25600000,-8400000,9900000,20600000,42700000,-300000,KAR
2021-12-31,USD,91400000,357700000,458000000,323200000,33100000,102200000,None,134800000,None,-32300000,-300000,32000000,-6500000,-8000000,None,45900000,-17000000,-22100000,32300000,15200000,8800000,15000000,86800000,5100000,KAR
2021-09-30,USD,88000000,347100000,447200000,313100000,29200000,104800000,None,134100000,None,-32200000,-300000,31900000,100000,-13900000,None,44700000,9300000,10300000,32200000,-26900000,-12400000,41200000,74700000,-1000000,KAR
2021-06-30,USD,112000000,376000000,473400000,333200000,33400000,106400000,None,140200000,None,-31200000,-200000,31000000,400000,-15300000,None,45400000,13900000,2400000,31200000,-15300000,18900000,44900000,97200000,11500000,KAR
2021-03-31,USD,97400000,369800000,484200000,330400000,31800000,107300000,None,149000000,None,-30900000,-100000,30800000,-2200000,49700000,None,47000000,75400000,24500000,30900000,26200000,59200000,106200000,152400000,50900000,KAR
2020-12-31,USD,64500000,529600000,465100000,325400000,13900000,139700000,None,139700000,None,-30500000,30500000,30500000,-4900000,-3900000,None,50600000,-20500000,-3400000,30500000,-17100000,10100000,10000000,60600000,-17100000,KAR
2020-09-30,USD,132900000,593600000,460700000,329700000,86400000,131000000,None,131000000,None,-29500000,29500000,29500000,0,1100000,None,46500000,58000000,10900000,29500000,47100000,60700000,87500000,134000000,47100000,KAR
2020-06-30,USD,41800000,419000000,377200000,235100000,-4700000,112300000,None,142100000,None,-30900000,30900000,30900000,2700000,-1300000,None,46500000,-36900000,-4600000,30900000,-32300000,-19900000,-6000000,70300000,-32300000,KAR
2020-03-31,USD,71600000,645500000,573900000,394600000,40800000,162400000,None,162400000,None,-38000000,38000000,38000000,-400000,2000000,None,47700000,4800000,2000000,38000000,2800000,-52100000,42800000,90500000,2800000,KAR
2019-12-31,USD,111700000,671300000,559600000,394900000,61600000,164700000,None,164700000,None,-39500000,39500000,39500000,0,2500000,None,126800000,29100000,9300000,39500000,15300000,34000000,68600000,195400000,19800000,KAR
2019-09-30,USD,128700000,701900000,573200000,410900000,85700000,158900000,None,162300000,None,-37900000,37900000,37900000,-2200000,2000000,None,3400000,48500000,13200000,40100000,34400000,24500000,86400000,89800000,35300000,KAR
2019-06-30,USD,555900000,719100000,163200000,417400000,90600000,163200000,None,163200000,None,-55600000,55600000,55600000,0,1100000,None,47900000,64300000,8700000,55600000,27400000,64000000,119900000,139600000,55600000,KAR
2019-03-31,USD,839200000,689600000,207600000,393900000,76200000,175200000,None,207700000,None,-56900000,-400000,56500000,-100000,2100000,None,66100000,84300000,6500000,56900000,15300000,85900000,140800000,228900000,77800000,KAR
2018-12-31,USD,752400000,593800000,176600000,332300000,70200000,148700000,None,176600000,None,-52800000,-300000,52500000,-3700000,-800000,None,67100000,69100000,1800000,52800000,15100000,43200000,121600000,208200000,67300000,KAR
2018-09-30,USD,747500000,612400000,186000000,330700000,85600000,154700000,None,186000000,None,-49200000,-200000,49000000,0,3000000,None,65600000,86200000,8700000,49200000,30900000,83800000,135200000,217400000,77500000,KAR
2018-06-30,USD,725300000,623400000,182800000,330200000,101200000,149900000,None,182800000,None,-48500000,-100000,48400000,0,500000,None,66900000,109100000,15900000,48500000,37400000,81800000,157500000,243800000,93200000,KAR
2018-03-31,USD,721700000,613200000,187400000,328300000,83100000,155500000,None,187300000,None,-41500000,-200000,41300000,100000,300000,None,70300000,97900000,7900000,41500000,34200000,83100000,139200000,228200000,90000000,KAR
2017-12-31,USD,675800000,890400000,172500000,525100000,123400000,172500000,None,172500000,None,-42100000,None,42100000,0,200000,None,69400000,103100000,-69700000,42100000,-15200000,170500000,145200000,214600000,172800000,KAR
2017-09-30,USD,645800000,843000000,155700000,479200000,141900000,155700000,None,155700000,None,-41500000,None,41500000,0,100000,None,66200000,100500000,37700000,41500000,62800000,75500000,142000000,208200000,62800000,KAR
2017-06-30,USD,635800000,858000000,154600000,481700000,157200000,154600000,None,154600000,None,-40100000,None,40100000,-27500000,1500000,None,64500000,91100000,33900000,67600000,57200000,67500000,131200000,223200000,57200000,KAR
2017-03-31,USD,669200000,866600000,157400000,501200000,143500000,157400000,None,157100000,None,-40300000,None,40300000,300000,100000,None,64500000,103300000,34100000,40300000,69200000,72600000,143600000,208100000,69200000,KAR
2016-12-31,USD,625500000,964400000,148800000,488300000,111900000,148800000,None,148800000,None,-38000000,None,38000000,-1400000,-300000,None,64700000,72200000,26700000,39400000,45500000,36800000,110200000,176300000,45500000,KAR
2016-09-30,USD,591200000,737500000,146300000,443700000,123300000,146300000,None,146300000,None,-36300000,None,36300000,0,-800000,None,60500000,86200000,31800000,36300000,54400000,49700000,122500000,183000000,54400000,KAR
2016-06-30,USD,589100000,736000000,146900000,430900000,135000000,146900000,None,146900000,None,-35800000,None,35800000,0,300000,None,59000000,99500000,37700000,35800000,61800000,57400000,135300000,194300000,61800000,KAR
2016-03-31,USD,571100000,712200000,141100000,418700000,128800000,141100000,None,141200000,None,-28700000,None,28700000,-4100000,1300000,None,56400000,97400000,36700000,32700000,60700000,69400000,126100000,186500000,60700000,KAR
2015-12-31,USD,529500000,658000000,128500000,400800000,96900000,128500000,None,128500000,None,-24200000,None,24200000,-600000,2500000,None,56000000,75200000,26900000,24200000,48300000,39100000,99400000,155400000,48300000,KAR
2015-09-30,USD,513800000,642300000,128500000,378100000,106000000,128500000,None,128500000,None,-24400000,None,24400000,0,300000,None,54100000,81900000,29600000,24400000,52300000,38100000,106300000,160400000,52300000,KAR
2015-06-30,USD,513000000,636500000,123500000,366500000,116500000,123500000,None,123500000,None,-21800000,None,21800000,0,-400000,None,51800000,94300000,34800000,21800000,59500000,62600000,116100000,167900000,59500000,KAR
2015-03-31,USD,489800000,611300000,121500000,352100000,107900000,121500000,None,121600000,None,-21000000,None,21000000,-100000,2200000,None,50900000,89100000,34600000,21000000,54500000,36200000,110100000,161000000,54500000,KAR
2014-12-31,USD,471300000,585100000,113800000,344200000,96700000,113800000,None,113800000,None,-20900000,None,20900000,0,1900000,None,51300000,77700000,27400000,20900000,50300000,41400000,98600000,149900000,50300000,KAR
2014-09-30,USD,452300000,568800000,116500000,328000000,95700000,116500000,None,116500000,None,-20300000,None,20300000,0,500000,None,48900000,75900000,28400000,20300000,47500000,36700000,96200000,145100000,47500000,KAR
2014-06-30,USD,450400000,564700000,114300000,322100000,100900000,114300000,None,135200000,None,-20900000,None,20900000,0,900000,None,1500000,80900000,30100000,20900000,50800000,58700000,101800000,103300000,50800000,KAR
2014-03-31,USD,399800000,529400000,129600000,324500000,84400000,126800000,None,184000000,None,-24100000,None,24100000,-30300000,500000,None,2800000,30500000,9800000,54400000,20700000,12200000,54600000,57400000,20700000,KAR
2013-12-31,USD,358500000,515200000,156700000,305700000,29700000,156700000,None,182100000,None,-25400000,None,25400000,0,100000,None,133200000,4400000,22000000,25400000,-17600000,-24500000,29800000,163000000,-17600000,KAR
2013-09-30,USD,387400000,507700000,120300000,296200000,67600000,120300000,None,158700000,None,-26000000,None,26000000,0,800000,None,3200000,42400000,19600000,26000000,22800000,27500000,68400000,71600000,22800000,KAR
2013-06-30,USD,403100000,515300000,112200000,298900000,81300000,112200000,None,143300000,None,-24500000,None,24500000,-1600000,1100000,None,2700000,56300000,22900000,26100000,33400000,25100000,80800000,83500000,33400000,KAR
2013-03-31,USD,422200000,525100000,102900000,331400000,78100000,100800000,None,132700000,None,-28800000,None,28800000,-3700000,600000,None,2100000,46100000,17000000,32600000,29100000,23200000,74900000,77000000,29100000,KAR
2012-12-31,USD,364900000,464100000,99200000,290400000,57300000,99200000,None,128800000,None,-29600000,None,29600000,200000,2400000,None,119700000,30100000,7200000,29600000,22900000,20500000,59700000,179400000,22900000,KAR
2012-09-30,USD,342700000,445000000,102300000,264100000,61700000,102300000,None,139800000,None,-29900000,None,29900000,0,1200000,None,1700000,33000000,13800000,29900000,19200000,27900000,62900000,64600000,19200000,KAR
2012-06-30,USD,354800000,458300000,103500000,263200000,73200000,103500000,None,138100000,None,-29600000,None,29600000,0,500000,None,1700000,44100000,20200000,29600000,23900000,19200000,73700000,75400000,23900000,KAR
2012-03-31,USD,360800000,476700000,115900000,269400000,74800000,114100000,None,146100000,None,-30300000,None,30300000,100000,-100000,None,1800000,44400000,18400000,30300000,26000000,31400000,74700000,76500000,26000000,KAR
2011-12-31,USD,342100000,449000000,106900000,273600000,55600000,106900000,None,137700000,None,-30800000,None,30800000,0,-1300000,None,1800000,23500000,9000000,30800000,14500000,22200000,54300000,56100000,14500000,KAR
2011-09-30,USD,337700000,417600000,79900000,245700000,77600000,80400000,None,109300000,None,-29400000,None,29400000,0,-1300000,None,2000000,46900000,14700000,29400000,32200000,5500000,76300000,78300000,32200000,KAR
2011-06-30,USD,268500000,367400000,98900000,252800000,75300000,99400000,None,202100000,None,-49700000,None,49700000,-53500000,6700000,None,43600000,-21200000,-6900000,103200000,-14300000,-3400000,28500000,118900000,-14300000,KAR
2010-06-30,USD,218300000,470000000,251700000,251700000,85700000,90800000,None,132600000,None,None,None,35900000,None,-1300000,None,41800000,48500000,19900000,None,None,None,85700000,127500000,28600000,KAR
