fiscalDateEnding,reportedCurrency,grossProfit,totalRevenue,costOfRevenue,costofGoodsAndServicesSold,operatingIncome,sellingGeneralAndAdministrative,researchAndDevelopment,operatingExpenses,investmentIncomeNet,netInterestIncome,interestIncome,interestExpense,nonInterestIncome,otherNonOperatingIncome,depreciation,depreciationAndAmortization,incomeBeforeTax,incomeTaxExpense,interestAndDebtExpense,netIncomeFromContinuingOperations,comprehensiveIncomeNetOfTax,ebit,ebitda,netIncome,ticker
2024-12-31,None,1428013000,3658833000,2230820000,2230820000,717334000,95335000,151081000,710679000,None,None,None,None,None,None,None,26352250,430398000,67649000,None,None,None,563366000,589718250,362749000,LX
2024-09-30,CNY,1207378000,3662143000,2454765000,2454765000,531500000,88952000,148930000,1207378000,None,-4531000,None,4531000,None,None,None,None,381720000,72163000,None,309557000,None,None,386251000,309557000,LX
2024-06-30,CNY,1348093000,3640688000,2292595000,2292595000,791764000,100434000,143250000,711107000,None,1988000,None,None,None,None,None,-154778000,286576000,60045000,None,226531000,None,791764000,636986000,226531000,LX
2024-03-31,CNY,1196712000,3241930000,2045218000,2045218000,554353000,89760000,134982000,642359000,None,-3904000,None,3904000,None,None,None,26352250,255041000,53418000,None,201623000,None,548425750,574778000,201623000,LX
2023-12-31,CNY,1460754001,3509436000,2048681999,2048681999,584362000,108305000,135837000,1448138000,None,-10245000,None,10245000,None,None,None,23735250,2371000,9726000,None,12097000,None,584362000,608097250,12097000,LX
2023-09-30,CNY,1356343000,3508935000,2152592000,2152592000,746594000,85526000,126582000,622759000,None,-14354000,None,14354000,None,None,None,23735250,486104000,115479000,None,370625000,None,722858750,746594000,370625000,LX
2023-06-30,CNY,995437000,3055812000,2060375000,2060375000,328569000,96519000,121338000,670969000,None,-21804000,None,21804000,None,None,None,122085,436527000,80794000,None,355733000,None,328446915,328569000,355733000,LX
2023-03-31,CNY,1043358000,3050266000,2006908000,2006908000,392763000,97058000,135665000,655720000,None,-4080000,None,8187000,None,None,None,-5733000,373605000,72302000,None,327490000,None,392763000,387030000,301416000,LX
2022-12-31,CNY,1043358000,3050266000,2006908000,2006908000,392763000,97058000,135665000,655720000,None,-8187000,None,8187000,None,None,None,-5733000,373605000,72302000,None,301303000,None,392763000,387030000,301416000,LX
2022-09-30,CNY,897257000,2690337000,1793080000,1793080000,109246000,104389000,140560000,669493000,None,-16202000,None,16202000,None,None,None,134728000,346521000,70828000,None,275693000,None,109246000,243974000,275462000,LX
2022-06-30,CNY,633276000,2412830000,1779554000,1779554000,-419842000,113127000,154529000,745109000,None,-15942000,None,15942000,None,None,None,332683000,207583000,40133000,None,167450000,None,-419842000,-87159000,164775000,LX
2022-03-31,CNY,1212258000,2199211000,986953000,986953000,602722000,118248000,163636000,609536000,None,-15305000,None,12752000,None,None,None,-286821000,302726000,47115000,None,81483000,None,943134000,656313000,256034000,LX
2021-12-31,CNY,1212258000,2199211000,986953000,986953000,602722000,118248000,163636000,609536000,None,-12752000,None,12752000,None,None,None,-286821000,302726000,47115000,None,255611000,None,943134000,656313000,256034000,LX
2021-09-30,CNY,1506522000,2968795000,1462273000,1462273000,784129000,100463000,130996000,722393000,None,-14023000,None,14023000,None,None,None,10567000,686749000,105987000,None,580762000,None,784129000,794696000,580483000,LX
2021-06-30,CNY,1661476000,3268836000,1607360000,1607360000,915366000,120849000,130447000,746110000,None,-16661000,None,16661000,None,None,None,60362000,937721000,151059000,None,786662000,None,915366000,975728000,786157000,LX
2021-03-31,CNY,1520091000,3033161000,1513070000,1513070000,956231000,125464000,95124000,563860000,None,-19689000,None,18074000,None,None,None,26808000,603895000,94219000,None,711081000,None,956231000,983039000,509676000,LX
2020-12-31,CNY,1520091000,3033161000,1513070000,1513070000,956231000,125464000,95124000,563860000,None,-18074000,None,18074000,None,None,None,26808000,603895000,94219000,None,509676000,None,956231000,983039000,509676000,LX
2020-09-30,CNY,978123000,3154054000,2175931000,2175931000,397469000,102501000,118325000,580654000,None,-23450000,None,23450000,None,None,None,73885000,389408000,44713000,None,344695000,None,397469000,471354000,344695000,LX
2020-06-30,CNY,967870000,2958006000,1990136000,1990136000,392042000,113793000,134605000,575828000,None,-23713000,None,23713000,None,None,None,-106103000,495680000,76644000,None,419036000,None,392042000,285939000,419036000,LX
2020-03-31,CNY,1477661000,3148061000,1670400000,1670400000,736587000,119723000,101342000,741074000,None,-12305000,467555000,29476000,None,None,None,258999000,614003000,96081000,None,-678427000,None,736587000,995586000,517922000,LX
2019-12-31,CNY,1477661000,3148061000,1670400000,1670400000,736587000,119723000,101342000,741074000,None,-29476000,288475000,29476000,None,0,None,258999000,614003000,96081000,None,517922000,None,736587000,995586000,517922000,LX
2019-09-30,CNY,1700759000,3187996000,1487237000,1487237000,960615000,111102000,121114000,740144000,None,-8590000,72595000,8590000,None,0,None,64005000,848282000,123916000,None,724366000,None,960615000,1024620000,724366000,LX
2019-06-30,CNY,1098917000,2492940000,1394023000,1394023000,589566000,94082000,99691000,509351000,None,1309000,113772000,1309000,None,0,None,-112463000,734383000,106419000,None,627964000,None,589566000,477103000,627964000,LX
2019-03-31,CNY,925101000,2093645000,1168544000,1168544000,985395000,78101000,79955000,367891000,None,-2458000,48038000,4340000,None,0,None,-587593000,809864000,121447000,None,582984000,None,985395000,397802000,688417000,LX
2018-12-31,CNY,925101000,2093645000,1168544000,1168544000,985395000,78101000,79955000,367891000,None,None,None,4340000,None,0,None,-587593000,809864000,121447000,None,468910.35,None,985395000,397802000,688417000,LX
2018-09-30,CNY,623365000,1694229000,1070864000,1070864000,321988000,73479000,93599000,301377000,None,None,None,8287000,None,0,None,-14071000,359064000,43094000,None,46000087.35,None,321988000,307917000,315970000,LX
2018-06-30,CNY,618762000,1783096000,1164334000,1164334000,326267000,69638000,78518000,292495000,None,None,None,6793000,None,0,None,-16408000,309469000,-155755000,None,69769646.07,None,326267000,309859000,465224000,LX
2018-03-31,CNY,434035000,1593702000,1159667000,1159667000,202461000,56590000,67007000,231574000,None,None,None,7289000,None,None,None,5110000,209878000,109440000,None,23312315.90,None,182937000,188047000,100438000,LX
2017-12-31,CNY,434035000,1593702000,1159667000,1159667000,202461000,56590000,67007000,231574000,None,None,None,7289000,None,None,None,5110000,209878000,109440000,None,167271500,None,182937000,188047000,100438000,LX
2017-09-30,CNY,337486000,1452766000,1115280000,1115280000,110062000,52845000,67069000,227424000,None,None,None,23966000,None,None,None,5300000,137520000,69345000,None,129337500,None,87515000,92815000,68175000,LX
2017-06-30,CNY,277831000,1317123000,1039292000,1039292000,65954000,51257000,57007000,211877000,None,None,None,22543000,None,None,None,1976000,37402000,21920000,None,-92126500,None,65954000,67930000,15482000,LX
2017-03-31,CNY,270740000,1218598000,947858000,947858000,97183000,42943000,44209000,173557000,None,None,None,21719000,None,None,None,-16738000,89779000,33522000,None,35869500,None,97183000,80445000,56257000,LX
2016-12-31,CNY,241840000,1389912000,1148072000,1148072000,50438000,27634000,45529000,191402000,None,None,None,20853000,None,None,None,1869000,19748000,32650000,None,-117939000,None,58472000,60341000,-12902000,LX
2016-09-30,CNY,0,159018000,128870000,128870000,8034000,22114000,5302000,0,None,None,None,0,None,None,None,None,4615000,4861000,None,0,None,0,None,0,LX
2016-06-30,CNY,0,136087000,118015000,118015000,0,19424000,3803000,0,None,None,None,0,None,None,None,None,0,1783000,None,0,None,0,None,0,LX
2016-03-31,CNY,0,147198000,141392000,141392000,0,18399000,3163000,0,None,None,None,0,None,None,None,None,0,0,None,0,None,0,None,0,LX
2015-12-31,CNY,-72458000,389784000,400755000,400755000,-397324000,50151000,6243000,2596665000,None,None,None,298000,None,None,None,None,-399128000,-88934000,None,-310194000,None,-397324000,None,-310194000,LX
