fiscalDateEnding,reportedCurrency,grossProfit,totalRevenue,costOfRevenue,costofGoodsAndServicesSold,operatingIncome,sellingGeneralAndAdministrative,researchAndDevelopment,operatingExpenses,investmentIncomeNet,netInterestIncome,interestIncome,interestExpense,nonInterestIncome,otherNonOperatingIncome,depreciation,depreciationAndAmortization,incomeBeforeTax,incomeTaxExpense,interestAndDebtExpense,netIncomeFromContinuingOperations,comprehensiveIncomeNetOfTax,ebit,ebitda,netIncome,ticker
2024-09-30,USD,65815000,161461000,112850000,95646000,32564000,17204000,None,17204000,None,-2174000,None,2174000,161461000,1026000,None,5680000,31459000,7554000,None,23862000,24439000,32564000,39270000,23905000,MGPI
2024-06-30,USD,83232000,190805000,130353000,107573000,43387000,22759000,None,22780000,None,-2205000,None,2205000,190805000,943000,None,5329000,42193000,10108000,None,32017000,31969000,43387000,54152000,32085000,MGPI
2024-03-31,USD,62795000,170563000,128863000,107768000,28917000,20979000,None,21095000,None,-2019000,None,2019000,170563000,-52000,None,5289000,26897000,6262000,None,20584000,20595000,28917000,38493000,20635000,MGPI
2023-12-31,USD,85145000,208241000,156580000,129743000,43072000,25780000,None,26837000,None,-2017000,None,2017000,214888000,-225000,None,5841000,40851000,9784000,None,31046000,31148000,43072000,53116000,31067000,MGPI
2023-09-30,USD,73448000,211624000,178080000,138176000,19839000,21570000,None,39904000,None,-2353000,None,2353000,211624000,-25000,None,5782000,17584000,4373000,None,13088000,12902000,19839000,48469000,13211000,MGPI
2023-06-30,USD,76295000,209001000,156219000,132706000,44143000,23513000,None,23513000,None,-1282000,None,1282000,209001000,-93000,None,5319000,42930000,10804000,None,31964000,32193000,44143000,49369000,32126000,MGPI
2023-03-31,USD,69824000,201010000,152236000,131186000,41559000,20532000,None,21050000,None,-995000,None,995000,201010000,123000,None,518000,40726000,9655000,None,31032000,31139000,41559000,42077000,31071000,MGPI
2022-12-31,USD,63213000,190995000,150414000,127782000,29715000,22632000,None,22632000,None,-960000,None,960000,190995000,-981000,None,517000,27920000,5263000,None,22511000,23217000,29715000,30232000,22657000,MGPI
2022-09-30,USD,59048000,201146000,160520000,142098000,33864000,17905000,None,18422000,None,-1350000,None,1350000,201146000,-1353000,None,518000,31341000,7533000,None,23628000,23265000,33864000,34382000,23808000,MGPI
2022-06-30,USD,59224000,194982000,154134000,135758000,35306000,17853000,None,18376000,None,-1543000,None,1543000,194982000,-1062000,None,517000,32899000,7339000,None,25362000,25117000,35306000,35823000,25560000,MGPI
2022-03-31,USD,71821000,195235000,140198000,123414000,50080000,16237000,None,16784000,None,-1598000,None,1598000,195235000,54000,None,518000,48602000,11165000,None,37371000,37205000,50080000,50598000,37437000,MGPI
2021-12-31,USD,52753000,166847000,131646000,114094000,45316000,17552000,None,1227000,None,-1329000,None,1329000,166847000,-751000,None,517000,43447000,11578000,None,31658000,31911000,45316000,45833000,31869000,MGPI
2021-09-30,USD,57086000,176611000,144244000,119525000,32884000,18538000,None,24719000,None,-1116000,None,1116000,176611000,-421000,None,517000,31550000,7674000,None,23673000,23646000,32884000,33401000,23876000,MGPI
2021-06-30,USD,56827000,174939000,147794000,118112000,27663000,25793000,None,29682000,None,-1104000,None,1104000,174939000,-88000,None,518000,26547000,6412000,None,20059000,20136000,27663000,28181000,20135000,MGPI
2021-03-31,USD,32299000,108323000,87823000,76024000,20500000,10946000,None,11799000,None,-458000,None,458000,108323000,30000,None,3311000,20042000,4615000,None,15427000,15482000,20500000,23811000,15427000,MGPI
2020-12-31,USD,31731000,100915000,85372000,69184000,15543000,15310000,None,16188000,None,-918000,None,918000,100915000,275000,None,3343000,15252000,3620000,918000,11632000,12275000,16170000,15154000,11632000,MGPI
2020-09-30,USD,23162000,102555000,89312000,79802000,13652000,8958000,None,9510000,None,-409000,None,409000,102964000,185000,None,3274000,13243000,2862000,409000,10381000,10455000,13652000,16926000,10381000,MGPI
2020-06-30,USD,20702000,92262000,81222000,71858000,11338000,8889000,None,9364000,None,-298000,None,298000,92560000,330000,None,3219000,11040000,2550000,298000,8490000,8511000,11338000,14557000,8490000,MGPI
2020-03-31,USD,23211000,98440000,85374000,75871000,13708000,8696000,None,9494000,None,-642000,642000,642000,99082000,-163000,None,3125000,13066000,3224000,642000,9842000,9836000,13708000,16833000,9842000,MGPI
2019-12-31,USD,21560000,92095000,76212000,70903000,16251000,5309000,None,5309000,None,-368000,368000,368000,92463000,None,None,3035000,15883000,2936000,368000,12947000,12805000,16251000,19286000,12947000,MGPI
2019-09-30,USD,18790000,90420000,79081000,71895000,11604000,7186000,None,7186000,None,-364000,364000,364000,90685000,None,None,2935000,11240000,3025000,364000,8215000,8208000,11604000,14539000,8215000,MGPI
2019-06-30,USD,19522000,90204000,79627000,70979000,10874000,8648000,None,8648000,None,-321000,321000,321000,90501000,None,None,2792000,10553000,2642000,321000,7911000,7895000,10874000,13666000,7911000,MGPI
2019-03-31,USD,16660000,88844000,80583000,72436000,8513000,8147000,None,8009000,None,-252000,252000,252000,89096000,None,None,2810000,8261000,-1459000,252000,9720000,9734000,8513000,11323000,9720000,MGPI
2018-12-31,USD,25608000,104850000,79242000,79242000,16612000,8996000,None,8996000,None,-338000,None,338000,104850000,None,None,2833000,16274000,4452000,338000,11822000,11927000,16612000,19445000,11822000,MGPI
2018-09-30,USD,19599000,94697000,83016000,75432000,12015000,7584000,None,7584000,None,-334000,None,334000,95031000,None,None,2703000,11681000,2673000,334000,9008000,9022000,12015000,14718000,9008000,MGPI
2018-06-30,USD,19441000,87963000,77120000,68811000,11132000,8309000,None,8309000,None,-289000,None,289000,88252000,None,None,2897000,10843000,3316000,289000,7527000,7568000,11132000,14029000,7527000,MGPI
2018-03-31,USD,18951000,87749000,77567000,69005000,10389000,8562000,None,8562000,None,-207000,None,207000,87956000,None,None,2929000,10182000,1255000,207000,8927000,8914000,10389000,13318000,8927000,MGPI
2017-12-31,USD,19525000,88193000,68668000,68668000,10532000,8993000,None,8993000,None,-250000,None,250000,88193000,None,None,2867000,10282000,-2357000,250000,12639000,12821000,10532000,13399000,12639000,MGPI
2017-09-30,USD,18625000,97490000,75862000,67708000,10471000,8154000,None,8154000,None,-224000,None,224000,11381000,11381000,None,2887000,21628000,7491000,224000,14137000,14098000,21852000,13358000,14137000,MGPI
2017-06-30,USD,18825000,85374000,75239000,66928000,10514000,8311000,None,8311000,None,-379000,None,379000,85753000,-819000,None,2816000,9316000,2947000,379000,5550000,6329000,9695000,13330000,6369000,MGPI
2017-03-31,USD,19041000,86838000,75777000,68128000,11392000,7649000,None,7649000,None,-331000,None,331000,87169000,471000,None,2738000,11532000,2854000,331000,9149000,8637000,11863000,14130000,8678000,MGPI
2016-12-31,USD,17585000,85005000,67420000,63560000,10598000,6987000,916000,6987000,None,-314000,None,314000,None,1776000,None,2643000,12060000,3775000,314000,10061000,8468000,12374000,13241000,8285000,MGPI
2016-09-30,USD,15121000,79550000,71751000,64770000,11525000,6981000,None,3560000,None,-341000,None,341000,None,664000,None,2627000,11848000,2316000,341000,10196000,9515000,12189000,14152000,9532000,MGPI
2016-06-30,USD,15531000,80064000,71265000,64861000,9127000,6404000,None,6404000,None,-328000,None,328000,None,1079000,None,2679000,9878000,3570000,328000,7387000,6287000,10206000,11806000,6308000,MGPI
2016-03-31,USD,17046000,76524000,66110000,59789000,10725000,6321000,None,6321000,None,-311000,None,311000,None,517000,None,3304000,10931000,3872000,311000,7576000,7042000,11242000,14029000,7059000,MGPI
2015-12-31,USD,15755000,85072000,69317000,65754000,10074000,5681000,748000,5681000,None,-160000,None,160000,None,92000,None,3122000,10006000,3527000,160000,469000,6468000,10166000,12736000,6479000,MGPI
2015-09-30,USD,11862000,86904000,73963000,68466000,6365000,5497000,None,5497000,None,-114000,None,114000,None,1562000,None,3076000,7813000,1042000,114000,8333000,6756000,7927000,9441000,6771000,MGPI
2015-06-30,USD,17528000,95494000,75851000,67826000,9503000,8025000,None,8025000,None,-129000,None,129000,None,3096000,None,3093000,12470000,4599000,129000,10967000,8201000,12599000,12596000,7871000,MGPI
2015-03-31,USD,13388000,88132000,73505000,67025000,6908000,6480000,None,6480000,None,-131000,None,131000,None,1352000,None,3091000,8129000,3059000,131000,5070000,4998000,8260000,9999000,5070000,MGPI
2014-12-31,USD,6011000,83901000,77890000,70314000,8181000,4897000,1622000,11964000,None,-201000,None,201000,0,2851000,None,3123000,10830000,3267000,201000,7563000,6633000,11031000,3962000,7563000,MGPI
2014-09-30,USD,7311000,87004000,73877000,70204000,3637000,4966000,None,1616000,None,-199000,None,199000,1000,1621000,None,3094000,5059000,-1169000,199000,6228000,6105000,5258000,4673000,6228000,MGPI
2014-06-30,USD,8308000,89357000,77335000,72169000,3072000,5166000,None,5326000,None,-218000,None,218000,0,2331000,None,3066000,5185000,86000,218000,5099000,5599000,5403000,6232000,5099000,MGPI
2014-03-31,USD,6801000,87875000,77267000,72195000,1729000,5072000,None,5269000,None,-197000,1000,198000,0,3334000,None,3042000,4866000,81000,197000,4785000,4610000,5064000,4771000,4785000,MGPI
2013-12-31,USD,7914000,81113000,73199000,69380000,-1060000,8797000,2472000,13838000,None,-289000,None,289000,177000,752000,None,3054000,-1119000,-758000,289000,167000,269000,-830000,2752000,-361000,MGPI
2013-09-30,USD,815000,83593000,86116000,79356000,-5946000,6760000,None,7030000,None,-269000,None,269000,1000,-91000,None,3004000,-6306000,19000,269000,-6325000,-6436000,-6037000,-2942000,-6325000,MGPI
2013-06-30,USD,5281000,86086000,78884000,74114000,511000,4770000,None,5047000,None,-277000,None,277000,0,71000,None,2983000,305000,25000,277000,280000,139000,582000,3494000,280000,MGPI
2013-03-31,USD,7229000,92815000,85050000,79175000,1296000,5875000,None,4816000,6000,-289000,-6000,283000,1406000,-936000,None,2968000,1477000,0,289000,71000,1328000,1760000,4264000,1477000,MGPI
2012-12-31,USD,7420000,86176000,85396000,78930000,970000,6466000,2344000,6640000,None,-158000,None,158000,-16000,-465000,None,2888000,346000,166000,158000,180000,-29000,504000,4236000,180000,MGPI
2012-09-30,USD,6060000,79389000,76084000,70047000,874000,6037000,None,5411000,None,-225000,None,225000,889000,-130000,None,2837000,518000,100000,225000,418000,1244000,743000,3581000,418000,MGPI
2012-06-30,USD,5916000,90269000,85903000,79618000,-545000,6285000,None,6693000,None,-232000,None,232000,176000,-143000,None,2908000,-918000,-68000,232000,-850000,-838000,-686000,2363000,-850000,MGPI
2012-03-31,USD,5627000,86043000,88513000,80765000,-2243000,7748000,None,8125000,2000,-255000,None,255000,-48000,437000,None,2935000,1996000,120000,255000,1876000,2049000,2251000,5186000,1876000,MGPI
2011-12-31,USD,155000,70008000,77828000,70184000,5739000,6343000,None,8307000,None,-216000,None,216000,None,None,None,-2072000,7804000,-8340000,216000,18423000,18644000,8020000,17702000,16144000,MGPI
2011-09-30,USD,2791000,76070000,78421000,73347000,-2577000,5074000,1431000,5482000,None,-114000,None,114000,None,-2830000,None,2387000,-5475000,34000,114000,-8339000,-9029000,-5361000,-2577000,-5509000,MGPI
2011-06-30,USD,-2788000,68798000,71586000,71586000,-8093000,4880000,1431000,5378000,None,None,None,0,None,None,None,2365000,-10387000,-129000,None,None,-7287000,-10387000,-8022000,-10258000,MGPI
2011-03-31,USD,6519000,64188000,57669000,57669000,829000,5690000,None,5690000,None,None,None,92000,None,None,None,2395000,864000,163000,None,None,718000,956000,3351000,701000,MGPI
