fiscalDateEnding,reportedCurrency,grossProfit,totalRevenue,costOfRevenue,costofGoodsAndServicesSold,operatingIncome,sellingGeneralAndAdministrative,researchAndDevelopment,operatingExpenses,investmentIncomeNet,netInterestIncome,interestIncome,interestExpense,nonInterestIncome,otherNonOperatingIncome,depreciation,depreciationAndAmortization,incomeBeforeTax,incomeTaxExpense,interestAndDebtExpense,netIncomeFromContinuingOperations,comprehensiveIncomeNetOfTax,ebit,ebitda,netIncome,ticker
2024-09-30,USD,81722000,116071000,34349000,34349000,-432582000,68919000,33301000,514304000,None,-18129000,None,3832000,93138000,-5034000,None,8080000,-478678000,-138504000,22933000,-340174000,-336204000,-432582000,-452469000,-340174000,MSTR
2024-06-30,USD,80507000,111442000,30935000,30935000,-200274000,70380000,30311000,280781000,None,-15466000,None,3842000,111442000,694000,None,5667000,-215046000,-112487000,0,-102559000,-102940000,-200274000,-195929000,-102559000,MSTR
2024-03-31,USD,85231000,115246000,30015000,30015000,-203702000,68117000,29183000,288933000,None,-2557000,None,2557000,115246000,1696000,None,5160000,-213887000,-160769000,2557000,-53118000,-54843000,-203702000,-198956000,-53118000,MSTR
2023-12-31,USD,96263000,124484000,28221000,28221000,-42785000,69652000,30158000,139048000,None,-2209000,None,2209000,118884000,-5930000,None,15427000,-60644000,-149770000,2209000,89126000,93037000,-42785000,-33288000,89126000,MSTR
2023-09-30,USD,102801000,129462000,26661000,26661000,-25247000,64829000,29660000,128048000,None,-2199000,None,2199000,129462000,2419000,None,4862000,-33834000,109607000,0,-143441000,-145646000,-25247000,13475000,-143441000,MSTR
2023-06-30,USD,93279000,120400000,27121000,27121000,-26708000,66490000,29354000,119987000,None,-2190000,None,2190000,120400000,-250000,None,3230000,-38053000,-60296000,0,22243000,22156000,-26708000,-26708000,22243000,MSTR
2023-03-31,USD,93974000,121915000,27941000,27941000,-20307000,64012000,31358000,114281000,None,-2210000,None,2210000,166601000,-1443000,None,3431000,8006000,-453187000,-42476000,461193000,461931000,-20307000,592000,461193000,MSTR
2022-12-31,USD,105831000,132554000,26723000,26723000,-193717000,70301000,31617000,299548000,None,-2204000,None,2204000,138754000,-5829000,None,-5829000,-214383000,35286000,2204000,-249669000,-245291000,-193717000,-1916000,-249669000,MSTR
2022-09-30,USD,99975000,125360000,25385000,25385000,6058000,62692000,30498000,93917000,None,-2193000,None,2193000,125360000,4897000,None,2150000,-3118000,23961000,0,-27079000,-31593000,6058000,13832000,-27079000,MSTR
2022-06-30,USD,96869000,122073000,25204000,25204000,-918123000,65364000,31790000,1014992000,None,-2168000,None,2168000,122073000,5120000,None,2076000,-926190000,136108000,0,-1062298000,-1066411000,-918123000,6911000,-1062298000,MSTR
2022-03-31,USD,93600000,119277000,25677000,25677000,-169960000,59946000,33523000,263560000,None,-2129000,None,2129000,119277000,2225000,None,2691000,-178774000,-48023000,2129000,-130751000,-132760000,-169960000,172913000,-130751000,MSTR
2021-12-31,USD,110512000,134515000,24003000,24003000,-137467000,70517000,30875000,247979000,None,-11629000,None,29149000,137015000,656000,None,2719000,-148440000,-58463000,None,-89977000,-90739000,-137467000,155707000,-89977000,MSTR
2021-09-30,USD,105675000,127994000,22319000,22319000,-49661000,61960000,28211000,155336000,None,-2107000,None,2107000,127994000,1264000,None,2642000,-59120000,-22984000,2107000,-36136000,-37593000,-49661000,83311000,-36136000,MSTR
2021-06-30,USD,102313000,125351000,23038000,23038000,-414247000,63238000,28548000,516560000,None,-586000,None,586000,125351000,-897000,None,3215000,-419545000,-120198000,586000,-299347000,-298950000,-414247000,438516000,-299347000,MSTR
2021-03-31,USD,100353000,122902000,22549000,22549000,-183152000,59927000,29483000,283505000,None,-2391000,None,2391000,122902000,1264000,None,2782000,-184284000,-74264000,2391000,-110020000,-111856000,-181893000,207820000,-110020000,MSTR
2020-12-31,USD,110534000,131319000,20785000,20785000,390000,58733000,24955000,110144000,None,-1917000,1917000,1917000,131319000,-2506000,None,12200000,-4033000,-6694000,None,84034000,5676000,390000,53302000,2661000,MSTR
2020-09-30,USD,105672000,127408000,21736000,21736000,-20271000,55063000,26638000,125943000,None,209000,209000,209000,127408000,-2971000,None,3514000,-23033000,-8804000,None,-14229000,-11942000,-20271000,71727000,-14229000,MSTR
2020-06-30,USD,86595000,110584000,23989000,23989000,6328000,54400000,25867000,80267000,None,563000,563000,563000,110584000,-1995000,None,3072000,4896000,1509000,None,3387000,4398000,6328000,9400000,3387000,MSTR
2020-03-31,USD,86879000,111424000,24545000,24545000,-72000,60850000,26101000,86951000,None,1855000,1855000,1855000,111424000,434000,None,2756000,2217000,1560000,None,657000,110000,-72000,2684000,657000,MSTR
2019-12-31,USD,108895000,133531000,24636000,24636000,9628000,73280000,25987000,99267000,None,2389000,2389000,2389000,133531000,-2361000,None,5156000,9675000,-2492000,None,108895000,14190000,9628000,9628000,12167000,MSTR
2019-09-30,USD,95878000,119693000,23815000,23815000,4586000,63835000,27457000,91292000,None,2941000,2941000,2941000,119693000,1882000,None,3856000,9409000,-291000,None,9700000,7336000,4586000,8442000,9700000,MSTR
2019-06-30,USD,92387000,117737000,25350000,25350000,-4830000,69453000,27764000,97217000,None,3013000,3013000,3013000,117737000,29431000,None,4023000,27614000,7220000,None,20394000,21048000,-4830000,-807000,20394000,MSTR
2019-03-31,USD,89193000,115366000,26173000,26173000,-10386000,71364000,28215000,99579000,None,2566000,2566000,2566000,115366000,-596000,None,3664000,-8416000,-510000,None,-7906000,-7653000,-10386000,-6722000,-7906000,MSTR
2018-12-31,USD,106032000,131917000,25885000,25885000,-2157000,80161000,28028000,108189000,None,None,None,3157000,131917000,981000,None,218000,1982000,-1319000,None,106032000,1802000,-2157000,-2157000,3301000,MSTR
2018-09-30,USD,98763000,122152000,23389000,23389000,7220000,65714000,25829000,91543000,None,None,None,3441000,122152000,798000,None,-387000,11459000,-1240000,None,12699000,12092000,7220000,7220000,12699000,MSTR
2018-06-30,USD,95562000,120602000,25040000,25040000,-1797000,72277000,25082000,97359000,None,None,None,3223000,120602000,4461000,None,572000,5887000,1059000,None,4828000,936000,-1797000,-1225000,4828000,MSTR
2018-03-31,USD,97782000,122967000,25185000,25185000,715000,73507000,23560000,97067000,None,None,None,2034000,122967000,-1594000,None,3298000,1155000,-518000,None,1673000,3113000,715000,4013000,1673000,MSTR
2017-12-31,USD,111628000,138145000,24753000,24753000,17137000,73217000,21419000,94491000,None,None,None,1756000,136381000,-576000,None,2734000,18317000,43816000,None,109692000,-24624000,17137000,18756000,-25499000,MSTR
2017-09-30,USD,101621000,126010000,24389000,24389000,21174000,60888000,19360000,80447000,None,None,None,1449000,126010000,-1903000,None,2705000,20720000,2536000,None,17924000,19304000,21174000,23280000,18184000,MSTR
2017-06-30,USD,94845000,119220000,24375000,24375000,14076000,61001000,19561000,80769000,None,None,None,1163000,119220000,-2618000,None,3315000,12621000,2668000,None,11076000,12210000,14076000,18988000,9953000,MSTR
2017-03-31,USD,99100000,122232000,23132000,23132000,20835000,59667000,18426000,78265000,None,None,None,837000,122232000,-1856000,None,3818000,19816000,4259000,None,14867000,16575000,20835000,23169000,15557000,MSTR
2016-12-31,USD,116820000,140108000,23288000,23288000,38629000,61740000,18338000,79619000,None,None,None,754000,None,3604000,None,4106000,41656000,10532000,None,116820000,29485000,38629000,36742000,31124000,MSTR
2016-09-30,USD,106961000,129896000,22935000,22935000,30008000,58872000,18069000,76953000,None,None,None,507000,None,-473000,None,4257000,30042000,3414000,None,26628000,26907000,30008000,34289000,26628000,MSTR
2016-06-30,USD,99041000,123142000,24101000,24101000,21079000,58794000,19160000,77962000,None,None,None,539000,None,1755000,None,4279000,23373000,4489000,None,18884000,17392000,21079000,25374000,18884000,MSTR
2016-03-31,USD,96192000,119015000,22823000,22823000,19796000,58796000,17575000,76396000,None,None,None,403000,None,-1668000,None,4553000,18531000,4259000,None,14272000,14934000,19796000,24399000,14272000,MSTR
2015-12-31,USD,120108000,143522000,23414000,23414000,45894000,57041000,17155000,74214000,None,None,None,155000,None,957000,None,5042000,47006000,7895000,None,120108000,37750000,45894000,50972000,39111000,MSTR
2015-09-30,USD,104852000,129536000,24684000,24684000,30731000,56246000,17789000,74121000,None,None,None,116000,None,766000,None,5856000,31613000,7720000,None,23893000,23555000,30731000,36759000,23893000,MSTR
2015-06-30,USD,107028000,132940000,25912000,25912000,34752000,57322000,14864000,72276000,None,None,None,11000,None,-2915000,None,5213000,31848000,9381000,None,22467000,23545000,34752000,40145000,22467000,MSTR
2015-03-31,USD,96773000,123871000,27098000,27098000,22645000,58645000,15398000,74128000,None,None,None,2000,2590000,4750000,None,5103000,27397000,6937000,None,20460000,18316000,22645000,27918000,20460000,MSTR
2014-12-31,USD,117236000,148871000,31635000,31635000,33171000,67025000,13886000,84065000,None,None,None,29000,6057000,2449000,None,5990000,35649000,12950000,None,22699000,21330000,33171000,45469000,22699000,MSTR
2014-09-30,USD,116249000,151202000,34953000,34953000,-6994000,83006000,28659000,123243000,None,None,None,53000,1012000,4928000,None,6045000,-2013000,-1168000,None,-845000,-2944000,-6994000,22207000,-845000,MSTR
2014-06-30,USD,106240000,141853000,35613000,35613000,-12726000,86218000,32748000,118966000,None,None,None,32000,-47000,-474000,None,6558000,-13168000,-2831000,None,-10337000,-10613000,-12726000,-6168000,-10337000,MSTR
2014-03-31,USD,104895000,137904000,33009000,33009000,-8347000,85180000,28062000,113242000,None,None,None,48000,-81000,-1118000,None,6702000,-9417000,-2935000,None,-6482000,-6270000,-8347000,-1645000,-6482000,MSTR
2013-12-31,USD,132912000,165881000,32969000,32969000,18523000,88354000,26035000,114389000,34000,None,None,None,-41000,-1262000,None,6779000,17295000,1147000,None,16148000,16611000,18523000,25302000,16148000,MSTR
2013-09-30,USD,108666000,141919000,33253000,33253000,11626000,75063000,21977000,97040000,80000,None,None,None,-42000,-3213000,None,6509000,8493000,-8653000,None,17146000,18182000,11626000,11626000,17146000,MSTR
2013-06-30,USD,101459000,137905000,36446000,36446000,-2048000,79280000,24227000,103507000,322000,None,None,None,5000,-419000,None,6655000,-2145000,-592000,None,-1553000,-1381000,-2048000,4607000,-1553000,MSTR
2013-03-31,USD,94282000,130183000,35901000,35901000,-8661000,77126000,25817000,102943000,61000,None,None,None,None,1708000,None,6456000,49890000,-1701000,None,-5191000,50604000,-8661000,-2205000,51591000,MSTR
2012-12-31,USD,119547000,155986000,36439000,39682000,13686000,84570000,25079000,105861000,50000,None,None,None,None,-1799000,None,6817000,11827000,3587000,None,124771000,8600000,13686000,13493000,8240000,MSTR
2012-09-30,USD,101233000,136080000,34847000,37485000,7302000,75567000,21920000,93931000,41000,None,None,None,None,-112000,None,5890000,6860000,2097000,None,4763000,5169000,7302000,12716000,4763000,MSTR
2012-06-30,USD,101264000,135324000,34060000,36636000,10487000,75056000,19017000,90777000,35000,None,None,None,None,1000000,None,5384000,10867000,3596000,None,7271000,6735000,10487000,13862000,7271000,MSTR
2012-03-31,USD,102604000,138334000,35730000,38989000,1624000,81903000,22174000,100980000,15000,None,None,None,None,-124000,None,6428000,726000,454000,None,272000,579000,1624000,7046000,272000,MSTR
2011-12-31,USD,122614000,160266000,26330000,37652000,14778000,91348000,17557000,94176000,60000,None,None,None,None,742000,None,5621000,11713000,2713000,None,9000000,8632000,14778000,13909000,9000000,MSTR
2011-09-30,USD,105040000,141704000,36664000,36664000,1537000,83069000,20434000,103503000,18000,None,None,None,None,969000,None,5054000,5895000,974000,None,4921000,4794000,1537000,-2803000,4921000,MSTR
2011-06-30,USD,103608000,138151000,34543000,34543000,3473000,83261000,16874000,100135000,39000,None,None,None,None,-316000,None,4233000,3196000,311000,None,2885000,2761000,3473000,8022000,2885000,MSTR
2011-03-31,USD,88868000,122029000,33161000,33161000,1078000,23281000,12998000,87790000,None,None,None,None,None,-631000,None,3618000,529000,-605000,None,None,1156000,1078000,5327000,1134000,MSTR
2010-12-31,USD,106242000,139120000,32878000,32878000,18863000,22649000,13748000,87379000,None,None,None,None,None,806000,None,3486000,19749000,1827000,None,None,None,18863000,21543000,17922000,MSTR
2010-09-30,USD,87290000,114530000,27240000,27240000,9797000,21816000,13675000,77493000,None,None,None,None,None,-1817000,None,3194000,8172000,821000,None,None,None,9797000,14808000,7351000,MSTR
2010-06-30,USD,83188000,107537000,24349000,24349000,14341000,18674000,10812000,68847000,None,None,None,None,None,None,None,2937000,16500000,4882000,None,None,None,14341000,12197000,11618000,MSTR
2010-03-31,USD,71766000,93390000,21624000,21624000,7588000,18460000,12331000,64178000,None,None,None,None,None,None,None,3182000,10539000,3638000,None,None,None,4739000,7921000,6901000,MSTR
