fiscalDateEnding,reportedCurrency,grossProfit,totalRevenue,costOfRevenue,costofGoodsAndServicesSold,operatingIncome,sellingGeneralAndAdministrative,researchAndDevelopment,operatingExpenses,investmentIncomeNet,netInterestIncome,interestIncome,interestExpense,nonInterestIncome,otherNonOperatingIncome,depreciation,depreciationAndAmortization,incomeBeforeTax,incomeTaxExpense,interestAndDebtExpense,netIncomeFromContinuingOperations,comprehensiveIncomeNetOfTax,ebit,ebitda,netIncome,ticker
2024-12-31,USD,117109000,218122000,101013000,101013000,17527000,39213000,60369000,99582000,None,-1366000,7000000,1366000,-193098000,None,None,7300000,-169937000,-2407000,193098000,-167530000,-171155000,17527000,24827000,-167530000,MTSI
2024-09-30,USD,109842000,200710000,90868000,90868000,27534000,32716000,49592000,82308000,None,-1274000,6244000,1274000,None,10000,None,17197000,32514000,3100000,None,29414000,34001000,27534000,44731000,29414000,MTSI
2024-06-30,USD,101409000,190486000,89077000,89077000,19716000,34162000,47531000,81693000,None,-1288000,5820000,1288000,None,0,None,7900000,24248000,4309000,None,19939000,19792000,19716000,27616000,19939000,MTSI
2024-03-31,USD,95212000,181234000,86022000,86022000,15407000,34184000,45621000,79805000,None,-1285000,5366000,1285000,None,0,None,7800000,19488000,4508000,None,14980000,13441000,15407000,23207000,14980000,MTSI
2023-12-31,USD,87310000,157148000,69838000,69838000,11010000,36887000,39413000,76300000,None,-1290000,5556000,1290000,0,0,None,6500000,15276000,2750000,0,12526000,15765000,11010000,17510000,12526000,MTSI
2023-09-30,USD,86626000,150375000,63749000,63749000,15607000,33511000,37508000,71019000,6000000,-16964000,None,3843000,None,-458000,None,12510000,18992000,-5458000,None,24450000,23698000,15607000,28117000,24450000,MTSI
2023-06-30,USD,86126000,148522000,62396000,62396000,17306000,32152000,36668000,68820000,6000000,-3657000,6001000,2344000,None,-29000,None,5900000,19621000,7768000,None,11853000,10403000,17306000,23206000,11853000,MTSI
2023-03-31,USD,102690000,169406000,66716000,66716000,35904000,31249000,35537000,66786000,5100000,-3430000,5064000,1634000,None,-123000,None,5800000,37415000,11660000,None,25755000,26889000,35904000,41704000,25755000,MTSI
2022-12-31,USD,110355000,180104000,69749000,69749000,38583000,32940000,38832000,71772000,3700000,-3082000,3684000,602000,None,-55000,None,6000000,39130000,9611000,None,29519000,32803000,38583000,44583000,29519000,MTSI
2022-09-30,USD,108507000,178143000,69636000,69636000,37031000,31798000,39678000,71476000,2200000,-372000,4251000,4623000,None,-120000,None,17763000,36539000,-202797000,None,239316000,236251000,41162000,58925000,239336000,MTSI
2022-06-30,USD,104542000,172259000,67717000,67717000,36003000,30914000,37625000,68539000,1300000,-845000,None,845000,None,13000,None,5900000,35171000,2937000,None,32234000,29273000,36016000,41916000,32234000,MTSI
2022-03-31,USD,98989000,165147000,66158000,66158000,32571000,30963000,35455000,66418000,500000,-1389000,None,1389000,None,-55000,None,5800000,31127000,1569000,None,29558000,26544000,32516000,38316000,29558000,MTSI
2021-12-31,USD,94143000,159620000,65477000,65477000,27069000,31604000,35470000,67074000,300000,-1693000,None,1693000,None,114908000,None,5900000,140284000,1457000,1693000,138827000,137886000,141977000,147877000,138827000,MTSI
2021-09-30,USD,90211000,155211000,65000000,65000000,26281000,30251000,33679000,63930000,None,-5482000,1470000,6952000,-9800000,-2047000,None,30575000,18752000,1623000,5482000,17084000,16811000,25704000,56279000,17129000,MTSI
2021-06-30,USD,87269000,152622000,65353000,65353000,23674000,29985000,33610000,63595000,None,-5526000,None,5526000,-600000,-2661000,None,5800000,15487000,482000,6126000,15005000,15011000,21013000,26813000,15005000,MTSI
2021-03-31,USD,84113000,150583000,66470000,66470000,18972000,30522000,34619000,65141000,None,-4851000,None,4851000,-3800000,2879000,None,6000000,17000000,2193000,8651000,14807000,13131000,21851000,27851000,14807000,MTSI
2020-12-31,USD,80262000,148504000,68242000,68242000,12074000,31252000,36936000,68188000,None,-4734000,None,4734000,None,-4504000,None,6200000,-8294000,674000,4734000,-8968000,-7839000,-3560000,2640000,-8968000,MTSI
2020-09-30,USD,77716000,147249000,69533000,69533000,12685000,29989000,35397000,65031000,None,-5238000,None,5238000,None,7842000,None,31552000,17292000,-200000,5238000,17492000,18220000,22530000,54082000,17492000,MTSI
2020-06-30,USD,70876000,137267000,66391000,66391000,6500000,29982000,34948000,64376000,None,-5849000,None,5849000,None,-4372000,None,7100000,-23232000,1750000,5849000,-24982000,-22827000,-17383000,-10283000,-24982000,MTSI
2020-03-31,USD,63370000,126424000,63054000,63054000,-5269000,31994000,35830000,68639000,None,-7672000,None,7672000,None,-4352000,None,7300000,-8646000,1580000,7672000,-10226000,-12289000,-974000,6326000,-10226000,MTSI
2019-12-31,USD,58204000,119097000,60893000,60893000,-10528000,32340000,35158000,68732000,None,-8621000,None,8621000,None,-3740000,None,7400000,-26976000,1386000,8621000,-28362000,-28531000,-18355000,-10955000,-28362000,MTSI
2019-09-30,USD,52925000,112248000,59323000,59322000,-11995000,26849000,34876000,64921000,None,-8661000,None,8661000,0,-3506000,None,52319000,-29185000,-39701000,8661000,10516000,9975000,-20524000,31795000,10516000,MTSI
2019-06-30,USD,33828000,108306000,74478000,74478000,-323773000,41920000,42708000,357601000,None,-8967000,None,8967000,None,4777000,None,7300000,-326036000,-1322000,8967000,-324714000,-323613000,-317069000,-309769000,-324714000,MTSI
2019-03-31,USD,57330000,128465000,71135000,71135000,-30211000,41998000,42361000,87541000,None,-9402000,None,9402000,None,-4440000,None,7600000,-45704000,500000,9402000,-46204000,-45247000,-36302000,-28702000,-46204000,MTSI
2018-12-31,USD,76625000,150689000,74064000,74064000,-14397000,42519000,43525000,91022000,None,-8773000,None,8773000,None,-4569000,None,7600000,-22271000,1125000,8773000,-23396000,-22743000,-13498000,-5898000,-23396000,MTSI
2018-09-30,USD,70982000,151187000,80205000,80206000,-17487000,42280000,46226000,88469000,None,-8089000,None,8089000,None,-3610000,None,58694000,-26813000,-10320000,8089000,-16116000,-18062000,-18724000,39970000,-16493000,MTSI
2018-06-30,USD,48169000,137872000,89703000,89703000,-42644000,42471000,48240000,90813000,None,-8039000,None,8039000,None,-37281000,None,7700000,-94912000,-9482000,8039000,-85210000,-88846000,-86873000,-79173000,-85430000,MTSI
2018-03-31,USD,65601000,150414000,84813000,84813000,-23396000,39287000,41596000,88997000,None,-7970000,None,7970000,None,-4139000,None,7600000,-18508000,-3024000,7970000,-15466000,-11310000,-10538000,-2938000,-15484000,MTSI
2017-12-31,USD,60954000,130925000,69971000,69971000,-22993000,37634000,41651000,83947000,None,-7239000,None,7239000,None,7000,None,7700000,-21216000,1353000,7239000,-16970000,-22547000,-13977000,-6277000,-22569000,MTSI
2017-09-30,USD,86896000,166646000,173185000,79485000,346000,42398000,39398000,86550000,None,-6953000,None,6953000,None,-2000,None,46548000,-3369000,7352000,4945000,-1000,-10354000,3584000,50132000,-10721000,MTSI
2017-06-30,USD,92629000,187377000,155678000,101926000,6648000,46666000,38729000,85981000,None,-7178000,None,7178000,738000,-1139000,None,6500000,-24454000,3223000,7178000,-13977000,-28061000,-17276000,-10776000,-27677000,MTSI
2017-03-31,USD,68864000,178710000,187216000,117220000,-33617000,62327000,39685000,102481000,None,-7374000,None,7374000,None,-898000,None,7200000,-40326000,89805000,7374000,-134267000,-126512000,-32952000,-25752000,-130131000,MTSI
2016-12-31,USD,78495000,144402000,117040000,73257000,10538000,36496000,30174000,67957000,None,-7350000,None,7350000,None,-4000,None,6000000,-433000,532000,7350000,-2171000,-10608000,6917000,12917000,-965000,MTSI
2016-09-30,USD,81804000,152697000,463494000,70893000,10066000,40264000,30109000,71738000,None,-5310000,None,5310000,3750000,3000,None,39512000,-6703000,-11805000,5310000,3874000,5430000,-1393000,38119000,5102000,MTSI
2016-06-30,USD,73962000,142288000,111744000,68326000,10180000,35866000,26064000,63782000,None,-4363000,None,4363000,None,16000,None,5700000,22371000,-181000,4363000,21353000,27993000,26734000,32434000,22552000,MTSI
2016-03-31,USD,65525000,133579000,119727000,68054000,-7151000,34617000,26203000,72676000,None,-4408000,None,4408000,None,-81000,None,5200000,-14445000,-3796000,4408000,-12045000,-4929000,-10037000,-4837000,-10649000,MTSI
2015-12-31,USD,60318000,115774000,94599000,55456000,153000,34686000,25322000,60165000,None,-4346000,None,4346000,None,100000,4300000,4300000,-17772000,-2201000,4346000,-16770000,-15741000,-13426000,-9126000,-15571000,MTSI
2015-09-30,USD,56961000,112564000,122778000,55603000,4687000,29963000,22002000,52274000,None,-4425000,None,4425000,None,131000,4000000,36903000,50607000,-3799000,4425000,13841000,54317000,55032000,91935000,54406000,MTSI
2015-06-30,USD,52496000,109058000,87412000,56562000,4381000,26592000,20965000,48115000,None,-4505000,None,4505000,None,-225000,3700000,3700000,6468000,-1559000,4505000,1756000,7205000,10973000,14673000,8027000,MTSI
2015-03-31,USD,46714000,102431000,88577000,55717000,-2385000,28247000,20439000,49099000,None,-4723000,None,4723000,None,-1376000,4200000,4200000,-10454000,-2917000,4723000,-11176000,-7758000,-5731000,-1531000,-7537000,MTSI
2014-12-31,USD,47419000,96556000,81415000,49137000,3409000,25228000,18782000,44010000,None,-4723000,None,4723000,None,375000,3900000,3800000,-7890000,-1584000,4723000,-9963000,-6099000,-3167000,633000,-6306000,MTSI
2014-09-30,USD,48784000,93859000,27369000,6703000,-5362000,16641000,17764000,33503000,None,-4529000,None,4529000,None,776000,3200000,4927000,6619000,-7918000,4529000,10578000,13712000,11148000,16075000,14537000,MTSI
2014-06-30,USD,43606000,112364000,90990000,62150000,7339000,22065000,20810000,42875000,None,-5625000,None,5625000,None,1354000,3700000,6775000,286000,-897000,5625000,-1350000,1208000,5911000,12686000,1183000,MTSI
2014-03-31,USD,20142000,107827000,115091000,80964000,-20623000,24504000,20347000,47486000,None,-1622000,None,1622000,None,1009000,3900000,6988000,-27802000,-5680000,1622000,-23189000,-22554000,-26180000,-19192000,-22122000,MTSI
2013-12-31,USD,28408000,84154000,83258000,48432000,-9181000,19383000,12430000,44903000,None,-586000,None,586000,None,78000,3200000,2353000,-10512000,-1591000,586000,-10853000,-8876000,-9926000,-7573000,-8921000,MTSI
2013-09-30,USD,36590000,83655000,59536000,-5068000,-19593000,19824000,8567000,28968000,None,-201000,None,201000,None,79000,2600000,794000,-6459000,-8199000,201000,-13793000,-28832000,-6258000,-5464000,1740000,MTSI
2013-06-30,USD,35504000,82035000,60650000,47973000,8856000,13449000,12139000,26648000,None,-190000,None,190000,None,123000,2600000,788000,9849000,2869000,190000,6980000,18743000,10039000,10827000,6980000,MTSI
2013-03-31,USD,32833000,77624000,57457000,46010000,8745000,13289000,11204000,24088000,None,-200000,None,200000,None,86000,2700000,789000,7562000,2142000,200000,5420000,16047000,7762000,8551000,5420000,MTSI
2012-12-31,USD,31486000,75014000,43528000,42749000,11747000,10867000,9823000,20518000,None,-226000,None,226000,None,-1942000,2200000,789000,7527000,3471000,226000,6108000,12209000,7753000,8542000,4056000,MTSI
2012-09-30,USD,31534000,74563000,43029000,44941000,11865000,12664000,8895000,18890000,None,-150000,None,150000,None,None,2500000,1457000,20423000,3465000,150000,14310000,17034000,20573000,22030000,16958000,MTSI
2012-06-30,USD,35404000,77125000,41721000,41721000,15404000,10706000,9193000,20000000,None,-161000,None,161000,None,3289000,2200000,640000,18532000,4987000,161000,13545000,13497000,18693000,19333000,13545000,MTSI
2012-03-31,USD,36549000,77480000,40931000,40931000,17983000,11040000,8773000,18566000,None,None,None,203000,None,-65186000,2200000,2808000,-47406000,6155000,None,-53561000,-53512000,-47203000,20791000,-53561000,MTSI
2011-12-31,USD,31415000,73035000,41620000,41620000,8491000,11278000,9891000,22924000,None,None,None,181000,None,None,2000000,2683000,23388000,1346000,None,None,None,23569000,12760000,22042000,MTSI
2011-09-30,USD,34883000,78802000,43919000,43919000,12626000,11486000,10588000,22257000,None,None,None,811000,None,None,None,2840000,34290000,-5860000,None,None,None,35101000,16099000,40150000,MTSI
2011-06-30,USD,34118000,78700000,44582000,44582000,12339000,11824000,9463000,21779000,None,None,None,135000,None,None,None,2404000,-32831000,7184000,None,-41902000,-40018000,-32696000,14870000,-40015000,MTSI
2011-03-31,USD,32245000,77884000,45639000,45639000,10778000,12556000,8356000,21467000,None,None,None,87000,None,None,None,2573000,-11133000,-1376000,None,-8303000,-9699000,-11046000,13708000,-9757000,MTSI
2010-12-31,USD,30614000,74909000,44295000,44295000,10184000,19693000,7714000,20048000,None,None,None,528000,None,None,None,2593000,9656000,1371000,None,8285000,None,10566000,13159000,8606000,MTSI
