fiscalDateEnding,reportedCurrency,grossProfit,totalRevenue,costOfRevenue,costofGoodsAndServicesSold,operatingIncome,sellingGeneralAndAdministrative,researchAndDevelopment,operatingExpenses,investmentIncomeNet,netInterestIncome,interestIncome,interestExpense,nonInterestIncome,otherNonOperatingIncome,depreciation,depreciationAndAmortization,incomeBeforeTax,incomeTaxExpense,interestAndDebtExpense,netIncomeFromContinuingOperations,comprehensiveIncomeNetOfTax,ebit,ebitda,netIncome,ticker
2024-12-31,EUR,5984000000,5984000000,None,None,917000000,789000000,1136000000,5067000000,None,None,None,None,None,None,None,419000000,1126000000,380000000,None,746000000,None,917000000,1336000000,806000000,NOK
2024-09-30,EUR,4326000000,4326000000,None,None,246000000,692000000,1116000000,4080000000,None,None,None,None,None,None,None,None,145000000,-30000000,None,145000000,None,None,246000000,175000000,NOK
2024-06-30,EUR,1925000000,4466000000,2541000000,2541000000,375000000,715000000,1073000000,1550000000,None,27000000,None,None,None,None,None,268000000,459000000,92000000,None,370000000,None,375000000,643000000,-145000000,NOK
2024-03-31,EUR,2186000000,4667000000,2481000000,2481000000,576000000,708000000,1094000000,1610000000,None,51000000,None,3000000,None,None,None,261000000,450000000,12000000,None,439000000,None,399000000,660000000,434000000,NOK
2023-12-31,EUR,2385000000,5707000000,3322000000,3322000000,547000000,787000000,1092000000,1833000000,None,152000000,None,39000000,None,None,None,282000000,513000000,552000000,None,-40000000,None,547000000,829000000,-50000000,NOK
2023-09-30,EUR,1954000000,4982000000,3028000000,3028000000,333000000,710000000,1081000000,1731000000,None,-37000000,62000000,37000000,None,None,None,267000000,179000000,46000000,None,133000000,None,333000000,600000000,139000000,NOK
2023-06-30,EUR,2217000000,5710000000,3493000000,3493000000,521000000,703000000,1045000000,1759000000,None,-54000000,67000000,54000000,None,None,None,122085,407000000,116000000,None,290000000,None,792877915,793000000,290000000,NOK
2023-03-31,EUR,2206000000,5859000000,3653000000,3653000000,392000000,729000000,1108000000,1796000000,None,-19000000,25000000,19000000,None,None,None,41584,401000000,111000000,None,290000000,None,657958416,658000000,279000000,NOK
2022-12-31,EUR,3187000000,7449000000,4262000000,4262000000,882000000,838000000,1222000000,2304000000,None,-30000000,4000000,30000000,None,None,None,54880,878000000,-2272000000,None,3150000000,None,1179945120,1180000000,3154000000,NOK
2022-09-30,EUR,2505000000,6241000000,3736000000,3736000000,518000000,771000000,1165000000,1988000000,None,12000000,8000000,12000000,None,None,None,27081,509000000,93000000,None,417000000,None,803972919,804000000,427000000,NOK
2022-06-30,EUR,2361000000,5873000000,3512000000,3512000000,564000000,728000000,1091000000,1797000000,None,-18000000,24000000,18000000,None,None,None,86065,541000000,74000000,None,467000000,None,845913935,846000000,457000000,NOK
2022-03-31,EUR,2169000000,5348000000,3179000000,3179000000,354000000,675000000,1072000000,1815000000,None,-72000000,98000000,72000000,None,None,None,60459,256000000,79000000,None,177000000,None,627939541,628000000,212000000,NOK
2021-12-31,EUR,2534000000,6414000000,3880000000,3880000000,740000000,758000000,1118000000,1794000000,None,-68000000,47000000,8000000,None,None,None,71391,693000000,11000000,None,682000000,None,1016928609,1017000000,676000000,NOK
2021-09-30,EUR,2196000000,5399000000,3203000000,3203000000,502000000,674000000,1036000000,1694000000,None,-50000000,57000000,50000000,None,None,None,54000,446000000,95000000,None,350000000,None,775946000,776000000,342000000,NOK
2021-06-30,EUR,2180000000,5313000000,3133000000,3133000000,484000000,712000000,1063000000,1695000000,None,-68000000,68000000,68000000,None,None,None,55806,416000000,66000000,None,350000000,None,756944194,757000000,344000000,NOK
2021-03-31,EUR,1925000000,5076000000,3151000000,3151000000,431000000,649000000,996000000,1494000000,None,-56000000,60000000,56000000,None,None,None,55213,372000000,99000000,None,272000000,None,701944787,702000000,261000000,NOK
2020-12-31,EUR,2573000000,6568000000,3995000000,3995000000,475000000,777000000,1145000000,2099000000,None,29000000,49000000,18000000,None,None,None,55131,523000000,3131000000,None,-2608000000,None,753944869,754000000,-2601000000,NOK
2020-09-30,EUR,1977000000,5294000000,3317000000,3317000000,350000000,644000000,895000000,1626000000,None,-73000000,73000000,73000000,None,None,None,52750,276000000,74000000,None,203000000,None,628947250,629000000,193000000,NOK
2020-06-30,EUR,2006000000,5092000000,3086000000,3086000000,170000000,643000000,969000000,1836000000,None,-11000000,5000000,11000000,None,None,None,51116,165000000,80000000,None,85000000,None,459948884,460000000,94000000,NOK
2020-03-31,EUR,1778000000,4913000000,3135000000,3135000000,-76000000,762000000,987000000,1855000000,None,-50000000,54000000,50000000,None,None,None,47300,-130000000,-30000000,None,-100000000,None,207952700,208000000,-117000000,NOK
2019-12-31,EUR,2712000000,6903000000,4191000000,4191000000,803000000,1000000,1069000000,1843000000,None,85000000,5000000,85000000,None,0,None,46467,809000000,246000000,None,563000000,None,1293953533,1294000000,563000000,NOK
2019-09-30,EUR,1969000000,5686000000,3717000000,3717000000,264000000,739000000,1060000000,1799000000,None,-98000000,95000000,98000000,None,0,None,44646,168000000,80000000,None,87000000,None,583955354,584000000,82000000,NOK
2019-06-30,EUR,2065000000,5694000000,3629000000,3629000000,-57000000,763000000,1126000000,1889000000,None,-173000000,179000000,173000000,None,0,None,40963,-237000000,-46000000,None,-191000000,None,588959037,589000000,-193000000,NOK
2019-03-31,EUR,1580000000,5032000000,3452000000,3452000000,-524000000,824000000,1156000000,1980000000,None,-55000000,60000000,55000000,None,0,None,40374,-583000000,-142000000,None,-442000000,None,7959626,8000000,-446000000,NOK
2018-12-31,EUR,2761000000,6869000000,4108000000,4108000000,552000000,1440309640.43,1165000000,2098000000,None,None,None,10000000,None,0,None,367000000,481000000,278000000,None,349690561.75,None,663000000,1030000000,193000000,NOK
2018-09-30,EUR,2019000000,5458000000,3439000000,3439000000,-54000000,924982634.87,1123000000,1993000000,None,None,None,60000000,None,0,None,356000000,-112000000,15000000,None,-147024774.25,None,26000000,382000000,-79000000,NOK
2018-06-30,EUR,1860000000,5313000000,3453000000,3453000000,-221000000,813000000,1165000000,1978000000,None,None,None,56000000,None,None,None,360000000,-281000000,-10000000,None,-315409683.43,None,-118000000,242000000,-266000000,NOK
2018-03-31,EUR,1805000000,4924000000,3119000000,3119000000,-336000000,2444288000,1167000000,2014000000,None,None,None,108000000,None,None,None,372000000,-448000000,-94000000,None,-354000000,None,-209000000,163000000,-188000000,NOK
2017-12-31,EUR,2593000000,6651000000,4058000000,4058000000,419000000,2634777000,1226000000,2156000000,None,None,None,86000000,None,None,None,380000000,394000000,772000000,None,-1675000000,None,437000000,817000000,-386000000,NOK
2017-09-30,EUR,2185000000,5500000000,3315000000,3315000000,-230000000,2545912000,1212000000,2072000000,None,None,None,63000000,None,None,None,400000000,-292000000,-102000000,None,-202000000,None,113000000,513000000,-183000000,NOK
2017-06-30,EUR,2236000000,5619000000,3383000000,3383000000,-45000000,2496331000,1214000000,2120000000,None,None,None,218000000,None,None,None,407000000,-261000000,172000000,None,876000000,None,116000000,523000000,-437000000,NOK
2017-03-31,EUR,2126000000,5378000000,3252000000,3252000000,-127000000,2271185000,1265000000,2184000000,None,None,None,146000000,None,None,None,404000000,-282000000,154000000,None,-436000000,None,-59000000,345000000,-488000000,NOK
2016-12-31,EUR,2658000000,6641000000,3983000000,3983000000,317000000,1867650000,1260000000,2231000000,None,None,None,72000000,None,None,None,403000000,257000000,-401000000,None,-912000000,None,428000000,831000000,633000000,NOK
2016-09-30,EUR,2216000000,5890000000,3674000000,3674000000,55000000,2418755000,1196000000,2121000000,None,None,None,80000000,None,None,None,374000000,-22000000,111000000,None,0,None,95000000,469000000,-125000000,NOK
2016-06-30,EUR,2028000000,5583000000,3555000000,3555000000,-760000000,2240931000,1211000000,2145000000,None,None,None,32000000,None,None,None,411000000,-791000000,-65000000,None,0,None,-117000000,294000000,-665000000,NOK
2016-03-31,EUR,1673000000,3609000000,1936000000,1936000000,641000000,2411263000,550000000,1029000000,None,None,None,46000000,None,None,None,76000000,615000000,115000000,None,0,None,644000000,720000000,1790000000,NOK
2015-12-31,EUR,1673000000,3609000000,1936000000,1936000000,641000000,992529000,550000000,1029000000,None,None,None,46000000,None,None,None,76000000,615000000,115000000,None,1194000000,None,644000000,720000000,1790000000,NOK
2015-09-30,EUR,1298000000,3036000000,1738000000,1738000000,330000000,982644000,492000000,887000000,None,None,None,81000000,None,None,None,79000000,247000000,60000000,None,0,None,410000000,489000000,152000000,NOK
2015-06-30,EUR,1535000000,3209000000,1674000000,1674000000,508000000,1091594000,669000000,1133000000,None,None,None,29000000,None,None,None,83000000,474000000,121000000,None,0,None,402000000,485000000,347000000,NOK
2015-03-31,EUR,1358000000,3196000000,1838000000,1838000000,237000000,1005358000,684000000,1095000000,None,None,None,20000000,None,None,None,82000000,236000000,56000000,None,0,None,262000000,344000000,177000000,NOK
2014-12-31,EUR,1655000000,3802000000,2147000000,2147000000,454000000,1016380000,698000000,1201000000,None,None,None,39000000,None,None,None,-1000000,412000000,84000000,None,2718000000,None,454000000,453000000,443000000,NOK
2014-09-30,EUR,1478000000,3324000000,1846000000,1846000000,-810000000,896437000,626000000,1078000000,None,None,None,22000000,None,None,None,2419000000,-834000000,-1594000000,None,0,None,-810000000,1609000000,747000000,NOK
2014-06-30,EUR,1294000000,2942000000,1648000000,1648000000,284000000,847381000,580000000,1009000000,None,None,None,261000000,None,None,None,1000000,18000000,44000000,None,0,None,284000000,285000000,2510000000,NOK
2014-03-31,EUR,-6291000000,-4500000000,1791000000,1791000000,666000000,43000000,255000000,-1414000000,None,None,None,64000000,None,None,None,47000000,618000000,-144000000,None,0,None,666000000,713000000,-25000000,NOK
2013-12-31,EUR,-196000000,-4500000000,-4304000000,-4304000000,666000000,43000000,255000000,-1414000000,None,None,None,64000000,None,None,None,47000000,618000000,-144000000,None,0,None,666000000,713000000,-25000000,NOK
2013-09-30,EUR,1795000000,5662000000,3867000000,3867000000,118000000,214000000,891000000,1677000000,None,None,None,64000000,None,None,None,None,57000000,161000000,None,0,None,57000000,118000000,-91000000,NOK
2013-06-30,EUR,1907000000,5695000000,3788000000,3788000000,-115000000,228000000,972000000,2022000000,None,None,None,57000000,None,None,None,None,-175000000,103000000,None,0,None,-175000000,-115000000,-227000000,NOK
2013-03-31,EUR,1839000000,5852000000,4013000000,4013000000,-150000000,212000000,1011000000,1989000000,None,None,None,106000000,None,None,None,None,-257000000,82000000,None,0,None,-257000000,-150000000,-272000000,NOK
2012-12-31,EUR,2584000000,8041000000,5457000000,5457000000,439000000,220000000,1123000000,3835000000,None,None,None,6000000,None,None,None,-1540000000,375000000,120000000,None,0,None,439000000,-1101000000,202000000,NOK
2012-09-30,EUR,1991000000,7239000000,5248000000,5248000000,-576000000,236000000,1119000000,2054000000,None,None,None,97000000,None,None,None,515000000,-671000000,272000000,None,0,None,-576000000,-61000000,-969000000,NOK
2012-06-30,EUR,1781000000,7542000000,5761000000,5761000000,-826000000,220000000,1231000000,2338000000,None,None,None,48000000,None,None,None,265000000,-878000000,651000000,None,0,None,-826000000,-561000000,-1410000000,NOK
2012-03-31,EUR,2034000000,7354000000,5320000000,5320000000,-1340000000,283000000,1309000000,2466000000,None,None,None,129000000,None,None,None,907000000,-1470000000,102000000,None,0,None,-1340000000,-433000000,-929000000,NOK
2011-12-31,EUR,2904000000,10005000000,7101000000,7101000000,-954000000,267000000,1401000000,2768000000,None,None,None,21000000,None,None,None,1091000000,-974000000,102000000,None,0,None,-954000000,137000000,-1072000000,NOK
2011-09-30,EUR,2509000000,8980000000,6471000000,6471000000,-71000000,290000000,1327000000,2513000000,None,None,None,7000000,None,None,None,62000000,-83000000,68000000,None,0,None,-71000000,-9000000,-68000000,NOK
2011-06-30,EUR,2832000000,9275000000,6443000000,6443000000,-487000000,300000000,1416000000,2699000000,None,None,None,42000000,None,None,None,605000000,-544000000,-52000000,None,0,None,-487000000,118000000,-368000000,NOK
2011-03-31,EUR,3074000000,10399000000,7325000000,7325000000,439000000,264000000,1468000000,2658000000,None,None,None,32000000,None,None,None,-27000000,403000000,172000000,None,0,None,439000000,412000000,344000000,NOK
2010-12-31,EUR,3727000000,12651000000,8924000000,8924000000,884000000,310000000,1540000000,2867000000,None,None,None,65000000,None,None,None,-10000000,833000000,91000000,None,0,None,884000000,874000000,745000000,NOK
2010-09-30,EUR,2941000000,10270000000,7329000000,7329000000,403000000,259000000,1407000000,2587000000,None,None,None,79000000,None,None,None,-52000000,321000000,-1000000,None,0,None,403000000,351000000,529000000,NOK
2010-06-30,EUR,6149000000,19525000000,13376000000,13376000000,783000000,546000000,2916000000,5401000000,None,None,None,141000000,None,None,None,-45000000,632000000,353000000,None,0,None,783000000,738000000,576000000,NOK
2010-03-31,EUR,3078000000,9522000000,6444000000,6444000000,488000000,260000000,1433000000,2693000000,None,None,None,73000000,None,None,None,-206000000,411000000,236000000,None,0,None,488000000,282000000,349000000,NOK
2009-12-31,EUR,4073000000,11988000000,7915000000,7915000000,1141000000,294000000,1565000000,2760000000,None,None,None,79000000,None,None,None,-706000000,1063000000,181000000,None,0,None,1141000000,435000000,948000000,NOK
2009-09-30,EUR,3061000000,9810000000,6749000000,6749000000,-426000000,267000000,1386000000,2579000000,None,None,None,48000000,None,None,None,1816000000,-469000000,444000000,None,0,None,-426000000,1390000000,-559000000,NOK
2009-06-30,EUR,3227000000,9912000000,6685000000,6685000000,427000000,304000000,1458000000,2800000000,None,None,None,61000000,None,None,None,None,380000000,93000000,None,0,None,380000000,427000000,380000000,NOK
2009-03-31,EUR,2903000000,9274000000,6371000000,6371000000,55000000,280000000,1500000000,2848000000,None,None,None,77000000,None,None,None,None,-12000000,-16000000,None,0,None,-12000000,55000000,122000000,NOK
2008-12-31,EUR,4120159740,12825642330,8705482590,8705482590,508985930,1650524300,1750121430,3610455470,None,None,None,300651000,None,None,None,381502070,492718070,-71434840,None,0,None,508985930,890488000,589519750,NOK
2008-09-30,EUR,4353499260,12222849910,7869350650,7869350650,1467479630,1359670590,1464642550,2886728900,None,None,None,0,None,None,None,62415760,1408610220,354635000,None,0,None,1467479630,1529895390,1085892370,NOK
2008-06-30,EUR,4427815600,13162711300,8734895700,8734895700,1475514900,1329361400,1397354550,2952300700,None,None,None,0,None,None,None,226220200,1478056700,394614450,None,0,None,1475514900,1701735100,1103776650,NOK
2008-03-31,EUR,4524775740,12653668960,8128893220,8128893220,1530420230,1342362800,1374022300,2994355510,None,None,None,0,None,None,None,277970410,1606403030,406507980,None,0,None,1530420230,1808390640,1221423510,NOK
2007-12-31,EUR,5723694750,15787423780,10063729030,10063729030,2502506630,1180000000,1627658060,3221188120,None,None,None,97840000,None,None,None,338370620,2584635050,779770500,None,0,None,2502506630,2840877250,1844636220,NOK
2007-09-30,EUR,4427464860,12901876470,8474411610,8474411610,1862646660,1310439900,1386123060,2564818200,None,None,None,0,None,None,None,-131744760,1924314420,364400400,None,0,None,1862646660,1730901900,1563417870,NOK
2007-06-30,EUR,3916219770,12586424490,8670204720,8670204720,2358892610,1668881430,1716162710,1556588390,None,None,None,0,None,None,None,-1826978210,2446067470,44326200,None,0,None,2358892610,531914400,2828011560,NOK
2007-03-31,EUR,3260727360,9852546720,6591819360,6591819360,1271803440,961899600,924471600,1988923920,None,None,None,0,None,None,None,103301280,1324951200,336852000,None,0,None,1271803440,1375104720,978367920,NOK
2006-12-31,EUR,3802454450,11730473950,7928019500,7928019500,1522933950,666000000,1068023270,2280278190,None,None,None,52788000,None,None,None,13880580,1571859290,286973110,None,0,None,1522933950,1536814530,1276246070,NOK
2006-09-30,EUR,3118745680,10089827800,6971082120,6971082120,1099204200,917973400,903790120,2019541480,None,None,None,0,None,None,None,197777960,1144117920,288393360,None,0,None,1099204200,1296982160,843905160,NOK
2006-06-30,EUR,3242311800,9820064800,6577753000,6577753000,1503374600,1019727800,981380400,1738937200,None,None,None,0,None,None,None,-269997000,1565982600,401473800,None,0,None,1503374600,1233377600,1141030800,NOK
2006-03-31,EUR,3222489060,9502465180,6279976120,6279976120,1366216560,852235330,945461460,1856272500,None,None,None,0,None,None,None,53625650,1444592510,381154620,None,0,None,1366216560,1419842210,1047762700,NOK
2005-12-31,EUR,3523282570,10332293280,6809010710,6809010710,1367854010,1032911440,1050172720,2155428560,None,None,None,47368000,None,None,None,20789010,1452804410,348209970,None,0,None,1367854010,1388643020,1073530160,NOK
2005-09-30,EUR,2830201950,8394187810,5563985860,5563985860,1147873390,885217350,884386160,1682328560,None,None,None,0,None,None,None,-93093280,1216862160,315852200,None,0,None,1147873390,1054780110,880230210,NOK
2005-06-30,EUR,2881669770,8042906340,5161236570,5161236570,1001853090,947341710,968815890,1879816680,None,None,None,0,None,None,None,-37992780,1105920270,296508870,None,0,None,1001853090,963860310,797022450,NOK
2005-03-31,EUR,2737805070,7393385120,4655580050,4655580050,1117802070,702001300,918773130,1620003000,None,None,None,0,None,None,None,3857150,1191859350,320143450,None,0,None,1117802070,1121659220,862458740,NOK
2004-12-31,EUR,3365352760,9044322000,5678969240,5678969240,1354243920,827298160,1050920000,2011108840,None,None,None,138088000,None,None,None,23522200,1459990240,410328780,None,0,None,1346533140,1370055340,1017112320,NOK
