fiscalDateEnding,reportedCurrency,grossProfit,totalRevenue,costOfRevenue,costofGoodsAndServicesSold,operatingIncome,sellingGeneralAndAdministrative,researchAndDevelopment,operatingExpenses,investmentIncomeNet,netInterestIncome,interestIncome,interestExpense,nonInterestIncome,otherNonOperatingIncome,depreciation,depreciationAndAmortization,incomeBeforeTax,incomeTaxExpense,interestAndDebtExpense,netIncomeFromContinuingOperations,comprehensiveIncomeNetOfTax,ebit,ebitda,netIncome,ticker
2024-09-30,USD,8473314,15256431,13000961,6783117,689849,6217844,None,7783465,None,800715,800715,None,15256431,None,91401,1565621,1490564,53727,None,1436837,1436837,689849,2255470,1436837,PAYS
2024-06-30,USD,7585763,14331599,12766300,6745836,125677,6020464,None,7460086,None,813357,813357,None,14331599,None,86823,1439622,939034,241932,None,697102,697102,125677,1565299,697102,PAYS
2024-03-31,USD,6939251,13190074,13448426,6250823,-258352,5911198,None,7197603,None,731344,731344,None,13190074,None,91100,1286405,472992,163896,None,309096,309096,-258352,1028053,309096,PAYS
2023-12-31,USD,7140638,13689496,13057500,6548858,631996,5330258,None,6508642,None,730683,730683,584197,13689496,None,104271,1178384,1362679,-4259730,None,5622409,5622409,631996,1810380,5622409,PAYS
2023-09-30,USD,6332118,12400325,10764716,6068207,590432,4696509,None,5741686,None,615324,615324,None,12400325,None,107967,1045177,1205756,105152,None,1100604,1100604,590432,1635609,1100604,PAYS
2023-06-30,USD,5615740,11041051,10729936,5425311,-646886,5304625,None,6262626,None,600867,600867,None,11041051,600867,107615,958001,-46019,58137,None,-104156,-104156,-646886,311115,-104156,PAYS
2023-03-31,USD,5047669,10143290,10886087,5095621,-742797,4945450,None,5790466,None,584197,584197,584197,10143290,584197,108346,845016,-158600,1530,None,-160130,-160130,-742797,102219,-160130,PAYS
2022-12-31,USD,5509890,10617824,10303318,5107934,314506,4417006,None,5195384,None,441070,441070,441070,10617824,None,108895,778378,755576,42481,None,1062942,648099,314506,1092884,713095,PAYS
2022-09-30,USD,5748648,10596428,9234537,4847780,623008,4386757,None,5125640,None,265284,265284,265284,10596428,265284,113758,738883,888292,36183,None,586825,888292,623008,1361891,852109,PAYS
2022-06-30,USD,4697811,8598776,8156941,3900965,-271345,4255976,None,4969156,None,70227,70227,70227,8598776,70227,134253,713180,-201118,26916,None,-298261,-201118,-271345,441835,-228034,PAYS
2022-03-31,USD,4998249,8220639,7863302,3222390,-321834,4640912,None,5320083,None,14336,14336,14336,8220639,None,135969,679171,-307498,1897,None,-323731,-307498,-321834,357337,-309395,PAYS
2021-12-31,USD,4758164,8766942,9967650,4008778,102897,3995703,None,4655267,None,10067,10067,10067,8766942,None,135328,659564,112964,7798,None,95099,112964,102897,762461,105166,PAYS
2021-09-30,USD,3969270,7767189,7415990,3797919,-277125,3618071,None,4246395,None,6119,6119,6119,7767189,None,134296,661219,-271006,0,None,-277125,-271006,-277125,384094,-271006,PAYS
2021-06-30,USD,3152567,6651290,6973285,3498723,-936177,3474562,None,4088744,None,5010,5010,5010,6651290,5010,133174,55806,-931167,800,None,-931967,-931967,-936177,-145713,-931967,PAYS
2021-03-31,USD,2831806,6279428,7312608,3447622,-1629028,3864986,None,4460834,None,7101,7101,7101,6279428,7101,131951,55213,-1621927,1600,None,-1623527,-1623527,-1629028,-855715,-1623527,PAYS
2020-12-31,USD,3712167,7253437,-8140180,3541270,-658346,3792396,None,4370513,None,13245,13245,13245,7253437,13245,117395,55131,-645101,3666057,None,-4311158,-4311158,-658346,-80229,-4311158,PAYS
2020-09-30,USD,-3434429,4300084,7734513,3281888,-8424846,4070211,None,4990417,None,12184,12184,12184,-152541,12184,115778,52750,-8412662,-2260527,None,-6152135,-6152135,-8424846,-6942501,-6152135,PAYS
2020-06-30,USD,3304715,6443065,6539851,3138350,-646161,3401501,None,3950876,None,3130,3130,3130,6443065,3130,102933,51116,-643031,-423797,None,-219234,-219234,-646161,6002,-219234,PAYS
2020-03-31,USD,5720953,10576473,8682844,4855520,1391253,3827324,None,4329700,None,62161,62161,76464,10576473,62161,92328,46467,1453414,-87551,None,1540965,1540965,1391253,1888767,1540965,PAYS
2019-12-31,USD,5061566,9764975,4703409,4703409,1453406,3172799,None,3608160,None,76464,76464,None,None,0,179608,435361,1529871,-353908,None,1883778,1883778,1453406,1888767,1883779,PAYS
2019-09-30,USD,5366522,9008117,3641595,3641595,2282053,2765961,None,3084469,None,113667,113667,None,9008117,0,91635,44646,2396224,-563854,None,2959574,2959574,2282053,2600561,2960078,PAYS
2019-06-30,USD,5038233,8636271,3598038,3598038,1629751,3012972,None,3408482,None,131811,131811,1761563,8636271,0,78994,40963,1762067,23276,None,1738287,1738287,1629751,2025262,1738791,PAYS
2019-03-31,USD,3775154,7257290,3482136,3482136,736444,2704949,None,3038710,None,119173,119170,None,7257290,0,59781,40374,856181,-15490,None,871107,871107,736444,1070205,871671,PAYS
2018-12-31,USD,3489624,6865237,3375613,3375613,589510,2590796,None,-2344570,None,139738,None,None,None,0,None,309724,642629,0,None,638950,638950,589510,836936,642629,PAYS
2018-09-30,USD,3044643,6421396,3376753,3376753,763562,1996957,None,4278038,None,0,None,0,None,0,None,284124,800862,0,0,800245,800245,800862,1084369,800862,PAYS
2018-06-30,USD,2619847,5460723,2840876,2840876,701544,1667856,None,3586159,None,0,None,0,None,-3125,None,250041,732056,0,0,731434,731434,732056,951991,732056,PAYS
2018-03-31,USD,2243110,4676320,2433210,2433210,418053,1579019,None,3404076,None,0,None,0,None,-28000,None,246038,412548,0,0,410653,410653,412548,664091,412548,PAYS
2017-12-31,USD,1913473,4613036,2699563,2699563,554802,1207881,None,2566552,None,39226,39226,0,None,None,None,150790,534137,-3000,0,572948,572948,534137,720738,537137,PAYS
2017-09-30,USD,1856370,4001991,2145621,2145621,475557,1104280,None,2485093,None,0,None,0,None,14398,None,276127,503168,3000,0,486955,486955,503168,766488,500168,PAYS
2017-06-30,USD,1562630,3418169,1855539,1855539,399632,928585,None,2091583,None,-31623,None,31623,None,5901,None,234007,387443,3000,31623,370910,370910,419066,639946,384443,PAYS
2017-03-31,USD,1367346,3200895,1833549,1833549,337802,814277,None,1843821,None,0,None,0,None,20096,None,215267,372394,3000,0,354898,354898,372394,573165,369394,PAYS
2016-12-31,USD,1229956,3047132,1817176,1515156,511810,552154,None,1874340,None,-18359,None,18359,0,None,None,165992,502751,0,18359,498700,498700,521110,683051,502751,PAYS
2016-09-30,USD,1290078,2812536,1522458,1388590,480180,660556,None,1738190,None,-20483,None,20483,0,4986,None,149341,480429,0,20483,464683,464683,500912,634508,480429,PAYS
2016-06-30,USD,1131716,2375645,1243929,1118549,315467,682896,None,1749905,None,-22709,None,22709,0,2082,None,133354,335679,0,22709,294840,294840,358388,491742,335679,PAYS
2016-03-31,USD,888680,2181359,1292679,1175074,51153,713894,None,1786631,None,-15556,None,15556,0,3831,None,123634,81940,0,15556,39428,39428,97496,221130,81940,PAYS
2015-12-31,USD,1099733,2164376,1064643,1064643,79351,877450,None,1897832,None,-20218,None,20218,0,None,None,142932,68539,0,20218,58098,58098,88757,231689,68539,PAYS
2015-09-30,USD,1104541,2033548,929007,929007,-241224,1270792,None,2616557,None,-4280,None,4280,0,-2505325,None,73722,-2612296,0,4280,-2750829,-2750829,-2608016,-2534294,-2612296,PAYS
2015-06-30,USD,1330602,2311208,980606,980606,469506,786798,None,1647894,None,-4399,None,4399,0,None,None,74298,507555,0,4399,465107,465107,511954,586252,507555,PAYS
2015-03-31,USD,553152,1598409,1045257,1045257,-426478,907870,None,1887500,None,-16785,None,16785,11337,11337,None,71760,-441795,0,5448,-431926,-431926,-425010,-353250,-441795,PAYS
2014-12-31,USD,4002843,4944950,942107,942107,2854982,1082496,None,2230357,None,-93125,None,93125,0,None,None,65365,2761904,0,93125,2761857,2761857,2855029,2920394,2761904,PAYS
2014-09-30,USD,627322,1707446,1080124,1080124,47252,543413,None,1123483,None,-16331,None,16331,0,None,None,36657,31077,0,16331,30921,30921,47408,84065,31077,PAYS
2014-06-30,USD,529892,1233109,703217,703217,-86264,580531,None,1196687,None,-16244,None,16244,0,None,None,35625,-102424,0,16244,-102508,-102508,-86180,-50555,-102424,PAYS
2014-03-31,USD,478408,2407675,1929267,1929267,-64417,508878,None,1067518,None,-15815,None,15815,0,None,None,33947,-80075,0,15815,-80232,-80075,-64260,-30313,-80075,PAYS
2013-12-31,USD,956667,1931337,974670,974670,411984,517539,None,1144425,None,-14768,None,14768,0,None,None,27144,397988,0,14768,397216,397988,412756,439900,397988,PAYS
2013-09-30,USD,323151,1061132,737981,737981,-77669,390033,None,805841,None,-14988,None,14988,0,None,None,10788,-92547,0,14988,-92657,-92547,-77559,-66771,-92547,PAYS
2013-06-30,USD,404827,1204386,799559,799559,94723,300205,None,625253,None,-14944,None,14944,0,None,None,9899,79839,0,14944,79779,79839,94783,104682,79839,PAYS
2013-03-31,USD,519566,2111037,1591471,1591471,240781,268604,None,561772,None,-14383,None,14383,0,None,None,10181,226405,0,14383,226398,226405,240788,250969,226405,PAYS
2012-12-31,USD,301441,2044424,1742983,None,14468,272252,None,476863,None,-14282,None,14282,136447,None,None,14721,147709,0,-122165,136633,147709,161991,176712,147709,PAYS
2012-09-30,USD,315061,622368,307307,307307,107858,191549,None,391623,None,-16248,None,16248,23377,None,None,15655,112191,0,-7129,114987,112191,128439,144094,112191,PAYS
2012-06-30,USD,515739,2549003,2033264,2033264,360468,143995,None,-821083,None,-15706,None,15706,1136055,None,None,12048,1480820,0,-1120349,1480817,1480820,1496526,1508574,1480820,PAYS
2012-03-31,USD,262787,1484592,1221805,None,92228,153733,None,340135,None,-15843,None,15843,None,None,None,17598,76390,0,15843,76385,76390,92233,109831,76390,PAYS
2011-12-31,USD,262689,1419603,1156914,None,127403,125904,None,277248,None,-16058,None,16058,None,None,None,9382,111345,None,16058,111345,111450,127403,136785,111348,PAYS
2011-09-30,USD,187959,278009,90050,230259,47750,129606,None,285801,None,-15986,None,15986,None,None,None,10603,31764,15983,15986,31764,31764,47750,58353,31767,PAYS
2011-06-30,USD,232859,665033,432174,589520,75513,144490,None,317693,None,-15857,None,15857,None,None,None,12856,59642,0,15857,59656,59656,75499,88355,59642,PAYS
2011-03-31,USD,186582,937569,750987,None,22157,152730,None,1838611,None,None,None,15799,None,None,None,20702,27155,-3592571,None,None,None,22157,63601,6442,PAYS
2010-12-31,USD,251821,1812404,1560583,None,73701,157418,None,None,None,None,None,15744,None,None,None,20702,27155,None,None,None,None,73701,63800,34187,PAYS
2010-09-30,USD,178425,1051612,873187,None,27967,132621,None,-1023645,None,None,None,16555,None,None,None,17837,11412,16513,None,None,None,27967,45804,11412,PAYS
2010-06-30,USD,174690,1034951,860261,None,14900,124485,None,None,None,None,None,16552,None,None,None,None,None,None,None,None,None,14900,None,-1652,PAYS
