fiscalDateEnding,reportedCurrency,grossProfit,totalRevenue,costOfRevenue,costofGoodsAndServicesSold,operatingIncome,sellingGeneralAndAdministrative,researchAndDevelopment,operatingExpenses,investmentIncomeNet,netInterestIncome,interestIncome,interestExpense,nonInterestIncome,otherNonOperatingIncome,depreciation,depreciationAndAmortization,incomeBeforeTax,incomeTaxExpense,interestAndDebtExpense,netIncomeFromContinuingOperations,comprehensiveIncomeNetOfTax,ebit,ebitda,netIncome,ticker
2024-12-31,USD,1827800000,15638200000,13929900000,13810400000,158800000,-11700000,None,1669000000,None,None,None,100200000,15638200000,-1900000,114100000,182500000,56700000,14300000,100200000,42400000,40000000,156900000,339400000,42400000,PFGC
2024-09-30,USD,1764200000,15415500000,13773800000,13651300000,215300000,-11300000,None,1548900000,None,None,None,66800000,15415500000,-1600000,97400000,152900000,146900000,38900000,66800000,108000000,102600000,213700000,366600000,108000000,PFGC
2024-03-31,USD,1568900000,13800600000,12412700000,12288800000,154900000,-10000000,None,1414000000,None,-57100000,None,57100000,13857700000,-1000000,90700000,139300000,96800000,26400000,57100000,70400000,69300000,153900000,293200000,70400000,PFGC
2023-12-31,USD,1598100000,14234300000,12826000000,12697600000,173900000,-11000000,None,1424200000,None,-61400000,None,61400000,14295700000,-800000,86300000,143300000,111700000,33400000,61400000,78300000,73400000,173100000,316400000,78300000,PFGC
2023-09-30,USD,1662900000,14882500000,13384500000,13275700000,216200000,-10700000,None,1446700000,None,-56100000,None,56100000,14938600000,3200000,83800000,129300000,163300000,42600000,56100000,120700000,119300000,219400000,348700000,120700000,PFGC
2023-06-30,USD,1668300000,14809200000,13312100000,13196900000,261800000,-10200000,None,1406500000,None,-56000000,None,56000000,14865200000,300000,83500000,127500000,206100000,56000000,56000000,150100000,152200000,262100000,389600000,150100000,PFGC
2023-03-31,USD,1511900000,13715400000,12372600000,12259400000,168800000,-10200000,None,1343100000,None,-55900000,None,55900000,13771300000,-1100000,78700000,124800000,111800000,31500000,55900000,80300000,76900000,167700000,292500000,80300000,PFGC
2022-12-31,USD,1499600000,13843200000,12510300000,12399300000,144000000,-11400000,None,1355600000,None,-55700000,None,55700000,13898900000,7900000,77400000,125200000,96200000,25100000,55700000,71100000,71100000,151900000,277100000,71100000,PFGC
2022-09-30,USD,1575100000,14668900000,13248900000,13144200000,191200000,-11500000,None,1383900000,None,-50400000,None,50400000,14719300000,-10900000,76100000,119200000,129900000,34200000,50400000,95700000,99600000,180300000,299500000,95700000,PFGC
2022-06-30,USD,1489700000,14542200000,13211800000,13100300000,152800000,-9100000,None,1336900000,None,-47800000,None,47800000,14590000000,11200000,76500000,123500000,116200000,40200000,47800000,76000000,75300000,164000000,287500000,76000000,PFGC
2022-03-31,USD,1345600000,13033100000,11837200000,11733400000,68600000,-10600000,None,1277000000,None,-45900000,None,45900000,13079000000,-11300000,75800000,124100000,34000000,10600000,45900000,23400000,35000000,79900000,204000000,23400000,PFGC
2021-12-31,USD,1278800000,12793600000,11657700000,11560000000,57800000,-14300000,None,1221000000,None,-45200000,None,45200000,12838800000,-1200000,70400000,116500000,11400000,3000000,45200000,8400000,13500000,56600000,173100000,8400000,PFGC
2021-09-30,USD,1142300000,10339100000,9388500000,9244000000,48200000,-10000000,None,1094100000,None,-44000000,None,44000000,10383100000,1300000,57000000,98700000,5500000,800000,47200000,4700000,5400000,49500000,148200000,4700000,PFGC
2021-06-30,USD,1065900000,9266000000,8387600000,8238500000,80600000,None,None,985300000,None,-38400000,None,38400000,9304400000,1700000,55500000,91800000,43900000,12500000,38400000,31400000,32300000,82300000,174100000,31400000,PFGC
2021-03-31,USD,832700000,7165400000,6450600000,6369800000,23400000,None,None,809300000,None,-37100000,None,37100000,7202500000,1600000,50700000,80800000,-12100000,-4500000,37100000,-7600000,-4800000,25000000,105800000,-7600000,PFGC
2020-12-31,USD,811100000,6807100000,6118300000,6034100000,60900000,None,None,750200000,None,-38100000,None,38100000,6845200000,2100000,54900000,84200000,24900000,7300000,38100000,17600000,18500000,63000000,147200000,17600000,PFGC
2020-09-30,USD,815500000,7008000000,6313400000,6231300000,35800000,None,None,779700000,None,-38800000,None,38800000,7046800000,1000000,52800000,82100000,-2000000,-1300000,38800000,-700000,-300000,36800000,118900000,-700000,PFGC
2020-06-30,USD,639100000,5736000000,5225400000,5134900000,-225600000,None,None,864700000,None,-38000000,None,38000000,5774000000,1400000,60200000,90500000,-262200000,-111000000,38000000,-151200000,-153400000,-224200000,-133700000,-151200000,PFGC
2020-03-31,USD,807500000,6965500000,6292500000,6193200000,-17400000,None,None,824900000,None,-35200000,None,35200000,7000700000,-7900000,49300000,99300000,-60500000,-20300000,35200000,-40200000,-47300000,-25300000,74000000,-40200000,PFGC
2019-12-31,USD,711200000,6042200000,5401200000,5357400000,80500000,None,None,630700000,None,-26400000,None,26400000,6068600000,200000,35100000,43800000,54300000,13100000,26400000,41200000,41500000,80700000,124500000,41200000,PFGC
2019-09-30,USD,711400000,6225700000,5574300000,5531600000,63500000,None,None,647900000,None,-17300000,None,17300000,6243000000,None,33900000,42700000,46200000,10100000,17300000,36100000,35000000,63500000,106200000,36100000,PFGC
2019-06-30,USD,700100000,5881800000,5361800000,5199000000,100500000,None,None,599600000,None,-17300000,None,17300000,5899100000,-100000,32500000,42700000,83100000,19900000,17300000,63200000,59700000,100400000,143100000,63200000,PFGC
2019-03-31,USD,604700000,4672500000,4124000000,4084300000,59200000,None,None,545500000,None,-16500000,None,16500000,4689000000,1000000,29300000,39700000,43700000,11400000,16500000,32300000,29900000,60200000,99900000,32300000,PFGC
2018-12-31,USD,614600000,4599700000,4038200000,4001100000,73000000,None,None,541600000,None,-16000000,None,16000000,4615700000,-700000,27500000,37100000,56300000,13200000,16000000,43100000,39300000,72300000,109400000,43100000,PFGC
2018-09-30,USD,593600000,4524100000,3981600000,3946100000,50600000,None,None,543000000,None,-15600000,None,15600000,4539700000,200000,26900000,35500000,35200000,7000000,15600000,28200000,28500000,50800000,86300000,28200000,PFGC
2018-06-30,USD,611800000,4579200000,4137100000,3982900000,93800000,None,None,518000000,None,-15500000,None,15500000,4594700000,200000,26600000,34300000,78500000,14100000,15500000,64400000,65200000,94000000,128300000,64400000,PFGC
2018-03-31,USD,558700000,4334000000,3822600000,3790500000,60100000,None,None,498600000,None,-15200000,None,15200000,4349200000,-100000,24600000,32100000,44800000,11100000,15200000,33700000,36300000,60000000,92100000,33700000,PFGC
2017-12-31,USD,567600000,4296000000,3775800000,3743500000,49100000,None,None,518500000,None,-15100000,None,15100000,4311100000,100000,24300000,32300000,34100000,-43900000,15100000,78000000,80000000,49200000,81500000,78000000,PFGC
2017-09-30,USD,554700000,4350300000,3841600000,3810200000,50500000,None,None,504200000,None,-14600000,None,14600000,4364900000,300000,24800000,31400000,36200000,13600000,14600000,22600000,22600000,50800000,82200000,22600000,PFGC
2017-06-30,USD,574900000,4414500000,4003200000,3854000000,81400000,None,None,493500000,None,-14400000,None,14400000,None,100000,24900000,33500000,67100000,26700000,14400000,40400000,40000000,81500000,115000000,40400000,PFGC
2017-03-31,USD,521400000,4221000000,3746300000,3713600000,46700000,None,None,474700000,None,-14000000,None,14000000,None,200000,23300000,32700000,32900000,12100000,14000000,20800000,21900000,46900000,79600000,20800000,PFGC
2016-12-31,USD,517200000,4038200000,3565000000,3534600000,51300000,None,None,465900000,None,-13600000,None,13600000,None,500000,22500000,30400000,38200000,15300000,13600000,22900000,28600000,51800000,82200000,22900000,PFGC
2016-09-30,USD,511300000,4033200000,3564300000,3534800000,31600000,None,None,479700000,None,-12900000,None,12900000,None,800000,20800000,29500000,19500000,7300000,13000000,12200000,14000000,32400000,61900000,12200000,PFGC
2016-06-30,USD,561300000,4354900000,4701700000,3811600000,66800000,None,None,494500000,None,-18000000,None,18000000,None,-100000,22200000,32400000,48700000,19500000,18000000,29200000,27400000,66700000,99100000,29200000,PFGC
2016-03-31,USD,480800000,3887500000,3457700000,3428300000,37600000,None,None,443200000,None,-21600000,None,21600000,None,-500000,20100000,29400000,15500000,6100000,21600000,9400000,9100000,37100000,66500000,9400000,PFGC
2015-12-31,USD,486800000,3870600000,3435700000,3407100000,53800000,None,None,433000000,None,-23300000,None,23300000,None,-1000000,19300000,28600000,29500000,12000000,23300000,17500000,19200000,52800000,81400000,17500000,PFGC
2015-09-30,USD,481100000,None,None,None,44000000,None,None,437100000,None,None,None,21000000,None,-2200000,18900000,28200000,20800000,8600000,None,None,11300000,41800000,70000000,12200000,PFGC
2015-06-30,USD,490000000,None,None,None,53200000,None,None,436800000,None,None,None,21100000,None,25400000,19200000,29600000,57500000,23300000,None,None,35300000,78600000,108200000,34200000,PFGC
2015-03-31,USD,451600000,None,None,None,27100000,None,None,424500000,None,None,None,21600000,None,-300000,19300000,30700000,5200000,2300000,None,None,1200000,26800000,57500000,2900000,PFGC
2014-12-31,USD,457300000,None,None,None,47100000,None,None,410200000,None,None,None,21800000,None,-2700000,19200000,30800000,22600000,9800000,None,None,12500000,44400000,75200000,12800000,PFGC
2014-09-30,USD,449400000,None,None,None,32700000,None,None,416700000,None,None,None,21200000,None,-200000,18600000,30200000,11300000,4700000,None,None,8700000,32500000,62700000,6600000,PFGC
