fiscalDateEnding,reportedCurrency,grossProfit,totalRevenue,costOfRevenue,costofGoodsAndServicesSold,operatingIncome,sellingGeneralAndAdministrative,researchAndDevelopment,operatingExpenses,investmentIncomeNet,netInterestIncome,interestIncome,interestExpense,nonInterestIncome,otherNonOperatingIncome,depreciation,depreciationAndAmortization,incomeBeforeTax,incomeTaxExpense,interestAndDebtExpense,netIncomeFromContinuingOperations,comprehensiveIncomeNetOfTax,ebit,ebitda,netIncome,ticker
2024-12-31,USD,1032602000,1162135000,129533000,None,-31335000,73079000,None,126122000,928000,None,None,None,5309978000,-1333000,None,52994000,-49655000,1927000,17725000,-51392000,-54115000,-31335000,21659000,-51582000,PTEN
2024-09-30,USD,1139727000,1357222000,217495000,None,-990629000,65696000,None,218216000,745000,None,None,None,-733000,-716000,None,31100000,-1009017000,-30256000,17990000,-978334000,-978164000,-990629000,-959529000,-978761000,PTEN
2024-06-30,USD,1242071000,1348194000,106123000,None,45228000,64578000,None,105850000,1867000,None,None,None,4021000,224000,None,30900000,28862000,17785000,17913000,11621000,10950000,45228000,76128000,11077000,PTEN
2024-03-31,USD,1402643000,1510360000,107717000,None,86999000,64984000,None,110280000,2189000,-18335000,None,18335000,2668000,850000,None,30500000,71232000,19997000,18335000,51706000,50242000,89567000,120067000,51235000,PTEN
2023-12-31,USD,1451528000,1584317000,116333000,None,111705000,61037000,None,114950000,1539000,-18681000,None,18681000,1586542000,-1293000,None,35347000,93282000,31332000,18681000,61938000,63078000,111963000,147310000,61950000,PTEN
2023-09-30,USD,868824000,1011452000,127003000,None,9704000,45102000,None,127003000,2131000,-15625000,None,15625000,1011452000,-618000,None,11713000,-4080000,-4130000,15625000,-278000,-606000,11545000,23258000,50000,PTEN
2023-06-30,USD,707950000,758885000,41197000,None,104582000,33257000,None,41197000,1212000,-9738000,None,9738000,758885000,2323000,None,0,98379000,13765000,9738000,84614000,84614000,108117000,108117000,84614000,PTEN
2023-03-31,USD,752916000,791802000,30634000,None,125963000,30566000,None,31172000,1240000,-8826000,None,8826000,792376000,1486000,None,800000,119863000,20185000,7714000,99678000,99678000,128689000,129489000,99678000,PTEN
2022-12-31,USD,747177000,781935000,34758000,None,116805000,34577000,None,33241000,273000,-8058000,None,8058000,789993000,-629000,None,300000,108391000,8294000,8058000,100097000,100097000,116449000,116749000,100097000,PTEN
2022-09-30,USD,687732000,716528000,28796000,None,76345000,28472000,None,28796000,58000,-10975000,None,10975000,727503000,-1774000,None,300000,63654000,2202000,10975000,61452000,61452000,74629000,74929000,61452000,PTEN
2022-06-30,USD,584919000,611580000,26661000,None,36762000,26079000,None,26661000,14000,-10658000,None,10658000,622238000,-2452000,None,400000,23666000,1780000,10658000,21886000,15856000,34324000,34724000,21886000,PTEN
2022-03-31,USD,470182000,499923000,29741000,None,-18881000,27461000,None,28628000,15000,-10565000,None,10565000,510488000,1582000,None,300000,-27849000,928000,10565000,-28777000,-28662000,-17284000,-16984000,-28777000,PTEN
2021-12-31,USD,386201000,451742000,65541000,None,-360804000,24206000,None,64210000,26000,-10582000,None,10582000,462324000,-1115000,None,14600000,-369941000,-8116000,10582000,-364359000,-361763000,-359359000,-344759000,-361825000,PTEN
2021-09-30,USD,321121000,347202000,26081000,None,-90009000,22063000,None,26081000,37000,-10683000,None,10683000,357885000,14000,None,3100000,-100641000,-17643000,10683000,-82998000,-83230000,-89958000,-86858000,-82998000,PTEN
2021-06-30,USD,253267000,281070000,27803000,None,-109410000,23555000,None,27803000,20000,-10704000,None,10704000,291774000,812000,None,3100000,-119282000,-15973000,10704000,-103309000,-103054000,-108578000,-105478000,-103309000,PTEN
2021-03-31,USD,205955000,231760000,25805000,None,-117527000,22558000,None,24965000,139000,-10009000,None,10009000,241769000,14000,None,3100000,-127383000,-20970000,10009000,-106413000,-105995000,-117374000,-114274000,-106413000,PTEN
2020-12-31,USD,220801000,220801000,35548000,None,-124198000,20919000,None,35826000,25000,-7274000,None,7274000,220801000,74000,None,3400000,-131373000,-24846000,3678000,-106527000,-106120000,-124099000,-120699000,-106527000,PTEN
2020-09-30,USD,168198000,195853000,27655000,None,-114566000,22355000,None,27655000,238000,-11288000,None,11288000,207141000,512000,None,5300000,-125104000,-12993000,11288000,-112111000,-111893000,-113816000,-108516000,-112111000,PTEN
2020-06-30,USD,210105000,239396000,29291000,None,-159084000,23991000,None,33842000,334000,-10984000,None,10984000,250380000,85000,None,5300000,-169649000,-19317000,10984000,-150332000,-149637000,-158665000,-153365000,-150332000,PTEN
2020-03-31,USD,5062000,435942000,430880000,None,-494410000,30346000,None,430696000,657000,-11224000,None,11224000,447166000,85000,None,5300000,-504892000,-70170000,11224000,-434722000,-436108000,-493668000,-488368000,-434722000,PTEN
2019-12-31,USD,492297000,492297000,39348000,None,-82763000,31833000,None,38686000,1532000,-28183000,None,28183000,492297000,61000,None,5300000,-109353000,-23430000,43959000,-85923000,-85578000,-81170000,-75870000,-85923000,PTEN
2019-09-30,USD,520382000,577713000,57331000,None,-307305000,34231000,None,57331000,1693000,-20739000,None,20739000,598452000,119000,None,5300000,-326232000,-64513000,20739000,-261719000,-260865000,-305493000,-300193000,-261719000,PTEN
2019-06-30,USD,623873000,662467000,38594000,None,-48125000,34894000,None,42188000,1756000,-13298000,None,13298000,675765000,92000,None,3700000,-59575000,-10128000,13298000,-49447000,-48599000,-46277000,-42577000,-49447000,PTEN
2019-03-31,USD,661456000,697732000,36276000,None,-23383000,32555000,None,29731000,1032000,-12984000,None,12984000,710716000,117000,None,3700000,-35218000,-6604000,12984000,-28614000,-27670000,-22234000,-18534000,-28614000,PTEN
2018-12-31,USD,795937000,795937000,248046000,None,-210790000,32771000,None,240274000,997000,-12910000,None,12910000,795937000,84000,None,3800000,-222619000,-21370000,12910000,-210790000,-203590000,-209709000,-205909000,-201249000,PTEN
2018-09-30,USD,818082000,855102000,37020000,None,-80281000,32820000,None,37020000,817000,-12376000,None,12376000,867478000,281000,None,4200000,-91559000,-16517000,12376000,-75042000,-73522000,-79183000,-74983000,-75042000,PTEN
2018-06-30,USD,800437000,841751000,41314000,None,-9004000,35663000,None,41314000,2360000,-12667000,None,12667000,854418000,216000,None,4900000,-19095000,-8382000,12667000,-10713000,-12243000,-6428000,-1528000,-10713000,PTEN
2018-03-31,USD,765643000,805949000,40306000,None,-22102000,32817000,None,47641000,1423000,-13625000,None,13625000,10410000,169000,None,5400000,-34135000,282000,13625000,-34417000,-36401000,-20510000,-15110000,-34417000,PTEN
2017-12-31,USD,787334000,787334000,77676000,None,-21647000,34700000,None,82861000,717000,-10543000,None,10543000,787334000,117000,None,8000000,-31356000,-226758000,10543000,-21647000,196763000,-20813000,-12813000,195402000,PTEN
2017-09-30,USD,630505000,675405000,44900000,None,-38016000,28817000,None,60782000,101000,-9584000,None,9584000,684989000,78000,None,6600000,-47421000,-13652000,9584000,-33769000,-30162000,-37837000,-31237000,-33769000,PTEN
2017-06-30,USD,485040000,570111000,85071000,None,-140236000,23478000,None,97742000,642000,-9075000,None,9075000,579186000,131000,None,8700000,-148538000,-56354000,9075000,-92184000,-90245000,-139463000,-130763000,-92184000,PTEN
2017-03-31,USD,285913000,310465000,24552000,None,-92639000,18852000,None,14251000,406000,-8270000,None,8270000,13560000,17000,None,911000,-100486000,-36947000,8270000,-63539000,-62490000,-92216000,-91305000,-63539000,PTEN
2016-12-31,USD,246887000,246887000,21675000,None,-113226000,17534000,None,25096000,54000,-8644000,None,8644000,4963000,17000,None,943000,-121799000,-43677000,8644000,-113226000,-79931000,-113155000,-112212000,-78122000,PTEN
2016-09-30,USD,179072000,195889000,16817000,None,-123409000,16612000,None,16817000,63000,-10244000,None,10244000,2541000,19000,None,911000,-133571000,-49428000,10244000,-84143000,-86522000,-123327000,-122416000,-84143000,PTEN
2016-06-30,USD,45274000,63272000,17998000,None,-124332000,17087000,None,17998000,100000,-10678000,None,10678000,4822000,17000,None,911000,-134893000,-49027000,10678000,-85866000,-85397000,-124215000,-123304000,-85866000,PTEN
2016-03-31,USD,66833000,87958000,21125000,None,-95259000,17972000,None,18680000,110000,-10800000,None,10800000,2445000,16000,None,911000,-105933000,-35430000,10800000,-70503000,-63825000,-95133000,-94222000,-70503000,PTEN
2015-12-31,USD,338566000,243425000,9467000,None,-76796000,16578000,None,1926000,40000,-9431000,None,9431000,3337000,18000,None,943000,-86169000,-27511000,9431000,-76796000,-60760000,-76738000,-75795000,-58658000,PTEN
2015-09-30,USD,245726000,414738000,169012000,2519000,-329515000,18582000,None,165131000,323000,-9254000,None,9254000,1362000,16000,None,911000,-338430000,-112452000,9254000,-225978000,-228887000,-329176000,-328265000,-225978000,PTEN
2015-06-30,USD,443604000,466510000,22906000,2779000,-24764000,19216000,None,17129000,318000,-9249000,None,9249000,2998000,0,None,911000,-33695000,-14720000,9249000,-18975000,-15942000,-24446000,-23535000,-18975000,PTEN
2015-03-31,USD,-35677000,875000,36552000,2798000,24103000,20537000,None,30838000,283000,-8541000,None,8541000,2916000,0,None,911000,15845000,6720000,8541000,9125000,547000,24386000,25297000,9125000,PTEN
2014-12-31,USD,901219000,901219000,26609000,3681000,106833000,22028000,None,15852000,361000,-8395000,None,8395000,7076000,0,None,900000,98799000,41216000,8395000,106833000,53736000,107194000,108094000,57583000,PTEN
2014-09-30,USD,819423000,842505000,23082000,3275000,30291000,18896000,None,15937000,234000,-6993000,None,6993000,3870000,0,None,911000,23532000,7556000,6993000,15976000,11077000,30525000,31436000,15976000,PTEN
2014-06-30,USD,730151000,753118000,22967000,2872000,87226000,19548000,None,24253000,208000,-7249000,None,7249000,3091000,3000,None,547000,80188000,25905000,7249000,54283000,58771000,87437000,87984000,54283000,PTEN
2014-03-31,USD,648947000,672724000,23777000,3274000,58776000,19673000,None,25947000,176000,-7188000,None,7188000,1744000,0,None,547000,51764000,16942000,7188000,34822000,31467000,58952000,59499000,34822000,PTEN
2013-12-31,USD,622366000,659870000,30355000,3171000,32102000,18556000,None,33235000,202000,-7149000,None,7149000,1098000,911000,None,4593000,26066000,9475000,7149000,16591000,12568000,32102000,37808000,16591000,PTEN
2013-09-30,USD,701053000,724782000,23729000,3602000,124551000,19580000,None,26252000,293000,-7503000,None,7503000,1378000,380000,None,547000,117721000,43301000,7503000,74420000,76803000,124551000,125771000,74420000,PTEN
2013-06-30,USD,631328000,653408000,22080000,3214000,70606000,18319000,None,24774000,250000,-6941000,None,6941000,1033000,381000,None,547000,64296000,23528000,6941000,40768000,37020000,70606000,71784000,40768000,PTEN
2013-03-31,USD,639291000,660167000,20876000,2922000,94932000,17397000,None,24298000,173000,-6766000,None,6766000,-125000,19000,None,547000,88358000,32128000,6766000,56230000,53927000,94932000,95671000,56230000,PTEN
2012-12-31,USD,621173000,647924000,26751000,3286000,-369942000,16664000,None,26064000,172000,-5910000,None,5910000,1111000,-27000,None,4710000,153303000,35585000,5910000,58859000,57363000,-369942000,163923000,117718000,PTEN
2012-09-30,USD,617485000,639011000,21526000,2704000,88594000,17222000,None,22466000,149000,-7207000,None,7207000,1963000,624000,None,1600000,132966000,31354000,7207000,50806000,55222000,88594000,141773000,101612000,PTEN
2012-06-30,USD,684330000,704249000,19919000,2583000,150894000,16719000,None,-6562000,179000,-5051000,None,5051000,28332000,-144000,None,617000,238416000,53340000,5051000,92538000,89372000,150894000,244084000,185076000,PTEN
2012-03-31,USD,727140000,743794000,16654000,2730000,157664000,13868000,None,17706000,54000,-4582000,None,4582000,2400000,55000,None,604000,250465000,55917000,4582000,97274000,99828000,157664000,255651000,194548000,PTEN
2011-12-31,USD,696093000,721184000,25091000,3209000,143900000,15590000,None,60355000,52000,-4414000,None,4414000,941000,10000,None,2300000,227143000,51953000,4414000,87595000,88917000,143900000,233857000,175190000,PTEN
2011-09-30,USD,652938000,671805000,18867000,2306000,132294000,15957000,None,18959000,47000,-3835000,None,3835000,1437000,375000,None,604000,210809000,46953000,3835000,81928000,76308000,132294000,215248000,163856000,PTEN
2011-06-30,USD,578189000,597645000,19456000,2103000,131860000,16749000,None,19850000,45000,-3514000,None,3514000,1017000,78000,None,604000,210107000,46831000,3514000,81638000,81100000,131860000,214225000,163276000,PTEN
2011-03-31,USD,326796000,563515000,236719000,220696000,117547000,15975000,None,18308000,43000,-3889000,None,3889000,1604000,119000,None,2651000,184705000,42201000,3889000,71619000,73950000,117547000,191245000,142504000,PTEN
2010-12-31,USD,285917000,501917000,216000000,197924000,94828000,15551000,None,20465000,43000,-3761000,None,3761000,872000,418000,None,None,144426000,36718000,3761000,54810000,-70371000,94828000,None,107708000,PTEN
2010-09-30,USD,182268000,372436000,190168000,176483000,52509000,13685000,None,19162000,64000,-6227000,None,6227000,250000,260000,None,None,75980000,17232000,6227000,29374000,58748000,52509000,None,58748000,PTEN
2010-06-30,USD,142183000,305609000,163426000,151083000,45757000,12343000,None,-9213000,1380000,-1383000,None,1383000,21939000,174000,None,None,75456000,16400000,1383000,29528000,59056000,45757000,None,59056000,PTEN
2010-03-31,USD,121176000,270197000,149021000,137208000,7831000,11463000,None,13463000,187000,-1401000,None,1401000,-249000,75000,None,None,10878000,2506000,1401000,4186000,17883000,7831000,None,8372000,PTEN
2009-12-31,USD,33830000,147570000,113740000,105201000,-22894000,10722000,None,8106000,63000,-1414000,None,1414000,None,163000,None,None,-64452000,-7992000,1414000,-16090000,-72622000,-22894000,None,-56460000,PTEN
2009-09-30,USD,86025000,174711000,88686000,72815000,-24619000,11384000,None,17121000,53000,-1448000,None,1448000,None,228000,None,None,-27552000,-8972000,1448000,-16814000,-18580000,-24619000,None,-18580000,PTEN
2009-06-30,USD,16062000,159925000,143863000,127627000,-25855000,11454000,None,19251000,204000,-839000,None,839000,None,12000,None,None,-27330000,-9587000,839000,-16891000,-17743000,-25855000,None,-17743000,PTEN
