fiscalDateEnding,reportedCurrency,grossProfit,totalRevenue,costOfRevenue,costofGoodsAndServicesSold,operatingIncome,sellingGeneralAndAdministrative,researchAndDevelopment,operatingExpenses,investmentIncomeNet,netInterestIncome,interestIncome,interestExpense,nonInterestIncome,otherNonOperatingIncome,depreciation,depreciationAndAmortization,incomeBeforeTax,incomeTaxExpense,interestAndDebtExpense,netIncomeFromContinuingOperations,comprehensiveIncomeNetOfTax,ebit,ebitda,netIncome,ticker
2024-12-31,None,59039000,73031000,13992000,13992000,1121000,None,18472000,57918000,None,None,None,None,None,None,None,2918000,4561000,2109000,None,None,None,4561000,7479000,2452000,RDWR
2024-09-30,USD,56096000,69488000,13392000,13392000,-6000,6789000,18654000,56102000,None,4957000,None,86000,None,None,None,2947000,4951000,1807000,None,3144000,None,153000,3100000,3144000,RDWR
2024-06-30,USD,56096000,69488000,13392000,13392000,153000,36728000,18654000,55943000,None,4417000,4417000,None,None,None,None,2947000,4951000,1807000,None,1664000,None,4951000,7898000,3144000,RDWR
2024-03-31,USD,54220000,67276000,13056000,13056000,-1016999,6984000,18701000,55237000,None,3608000,3608000,None,None,None,None,3028000,3208000,1544000,None,-1222000,None,-1209000,1819000,1664000,RDWR
2023-12-31,USD,52273000,65085000,12812000,12812000,-3443000,7339000,18896000,55716000,None,3279000,3476000,None,None,None,None,2943000,-55000,1167000,None,-5850000,None,-3443000,-500000,-1222000,RDWR
2023-09-30,USD,52208000,65032000,12824000,12824000,-6466000,8030000,19712000,58674000,None,3778000,3778000,197000,None,None,None,3028000,-4164000,1686000,None,-6851000,None,-7403000,-4375000,-5850000,RDWR
2023-06-30,USD,48774000,61612000,12838000,12838000,-10196000,7824000,20614000,58970000,None,3419000,3419000,None,None,None,None,3025000,-6418000,433000,None,-5808000,None,-8712000,-5687000,-6851000,RDWR
2023-03-31,USD,52865000,65607000,12742000,12742000,-8500000,8307000,21141000,61365000,None,3491000,3491000,3491000,None,None,None,3113000,-5081000,727000,None,-3081000,None,-7955000,-4842000,-5808000,RDWR
2022-12-31,USD,55735000,69041000,13306000,13306000,-5581000,8247000,21150000,61316000,None,2018000,857000,2018000,None,None,None,3078000,-2090000,991000,None,-4124000,None,-5568000,-2490000,-3081000,RDWR
2022-09-30,USD,60166000,74083000,13917000,13917000,-5108000,10244000,22486000,65274000,None,1350000,1350000,2018000,None,None,None,2878000,-3090000,1034000,None,-2964000,None,-5108000,-2230000,-4124000,RDWR
2022-06-30,USD,57383000,70521000,13138000,13138000,-3394000,7278000,22083000,60777000,None,2986000,2986000,1350000,None,None,None,3097000,-2044000,920000,None,3152000,None,-3394000,-297000,-2964000,RDWR
2022-03-31,USD,61226000,75114000,13888000,13888000,1576000,5737000,21623000,59650000,None,1698000,1698000,2986000,None,None,None,3229000,4562000,1410000,None,3770000,None,1576000,4805000,3152000,RDWR
2021-12-31,USD,60767000,73708000,12941000,12941000,3587000,6527000,20370000,57180000,None,-463000,1116000,1698000,None,None,None,2488000,5285000,1515000,None,-5591000,None,4729000,7217000,3770000,RDWR
2021-09-30,USD,62594000,76642000,14048000,14048000,4868000,6114000,19597000,57726000,None,1013000,1013000,916000,None,None,None,2484000,4405000,9996000,None,4965000,None,4868000,7352000,-5591000,RDWR
2021-06-30,USD,60124000,73418000,13294000,13294000,5873000,6024000,18639000,54251000,None,1187000,1187000,1013000,None,None,None,2527000,6886000,1921000,None,4532000,None,6569000,9096000,4965000,RDWR
2021-03-31,USD,56829000,69667000,12838000,12838000,4903000,4551000,18127000,51926000,None,2670000,2670000,1187000,None,None,None,2537000,6090000,1558000,None,3905000,None,5061000,7598000,4532000,RDWR
2020-12-31,USD,54503000,66769000,12266000,12266000,2581000,5196000,17735000,51922000,None,392000,392000,2670000,None,None,None,2648000,5251000,1346000,None,2802000,None,2644000,5292000,3905000,RDWR
2020-09-30,USD,56855000,69046000,12191000,12191000,3898000,4810000,17748000,52957000,None,2897000,2897000,2662000,None,None,None,2676000,4290000,1488000,None,3587000,None,3898000,6574000,2802000,RDWR
2020-06-30,USD,50878000,62524000,11646000,11646000,1959000,4513000,16747000,48919000,None,1783000,1783000,2897000,None,None,None,2616000,4856000,1269000,None,673000,None,2003000,4619000,3587000,RDWR
2020-03-31,USD,47887000,58445000,10558000,10558000,-266000,4889000,16509000,48153000,None,2724000,2724000,1783000,None,None,None,2637000,1517000,844000,None,2574000,None,-266000,2371000,673000,RDWR
2019-12-31,USD,49323000,60012000,10689000,10689000,577000,4712000,15832000,48746000,None,1382000,969000,2724000,None,None,None,2630000,3301000,727000,None,7331000,None,696000,3326000,2574000,RDWR
2019-09-30,USD,55368000,67362000,11994000,11994000,5769000,4375000,16103000,49599000,None,2137000,2137000,5021000,None,None,None,2789000,8514000,1183000,None,7121000,None,5769000,8558000,7331000,RDWR
2019-06-30,USD,51332000,62859000,11527000,11527000,4727000,4403000,15108000,46605000,None,2119000,2119000,2137000,None,None,None,3106000,6864000,-257000,None,3746000,None,4727000,7833000,7121000,RDWR
2019-03-31,USD,49810000,60454000,10644000,10644000,2688000,5042000,15400000,47122000,None,1791000,1791000,2119000,None,None,None,2701000,4807000,1061000,None,4368000,None,2688000,5389000,3746000,RDWR
2018-12-31,USD,50388000,61397000,11009000,11009000,3733000,4764000,15230000,46655000,None,None,None,1791000,None,None,None,2687000,5524000,1156000,None,7943000,None,3733000,6420000,4368000,RDWR
2018-09-30,USD,52700000,63817000,11117000,11117000,6324000,4294000,13945000,46376000,None,None,None,2593000,None,None,None,2402000,8721000,778000,None,3113000,None,6324000,8726000,7943000,RDWR
2018-06-30,USD,48486000,58764000,10278000,10278000,2804000,3985000,14434000,45682000,None,None,None,1487000,None,None,None,2433000,4291000,1178000,None,1674000,None,2804000,5237000,3113000,RDWR
2018-03-31,USD,46947000,57287000,10340000,10340000,700000,3811000,14633000,46247000,None,None,None,1701000,None,None,None,2443000,2401000,727000,None,-995000,None,700000,3143000,1674000,RDWR
2017-12-31,USD,44596000,54536000,9940000,9940000,-2304000,4055000,14662000,46900000,None,None,None,1689000,None,None,None,2504000,-615000,380000,None,-5959000,None,-2304000,200000,-995000,RDWR
2017-09-30,USD,47394000,58454000,11060000,11060000,5791000,4265000,15072000,41603000,None,None,None,1552000,None,None,None,2567000,6726000,4605000,None,-9709000,None,5791000,8358000,2121000,RDWR
2017-06-30,USD,43119000,53047000,9928000,9928000,-2900000,4152000,14678000,46019000,None,None,None,2148000,None,None,None,2861000,-752000,725000,None,12253000,None,-2543000,318000,-1477000,RDWR
2017-03-31,USD,41322000,50956000,9634000,9634000,-4481000,4380000,15013000,45803000,None,None,None,640000,None,None,None,2987000,-3841000,218000,None,-4078000,None,-4481000,-1494000,-4059000,RDWR
2016-12-31,USD,39918000,48912000,8994000,8994000,-5081000,4780000,14240000,44999000,None,None,None,1107000,None,None,None,2819000,-3974000,104000,None,-8659000,None,-5081000,-2262000,-4078000,RDWR
2016-09-30,USD,42116000,51712000,9596000,9596000,-2489000,4226000,12235000,44605000,None,None,None,1706000,None,None,None,2663000,-1626000,507000,None,0,None,-2489000,174000,-2133000,RDWR
2016-06-30,USD,38305000,46863000,8558000,8558000,-3865000,4245000,13072000,42170000,None,None,None,1706000,None,None,None,2614000,-2159000,288000,None,0,None,-3865000,-1251000,-2447000,RDWR
2016-03-31,USD,40698000,49585000,8887000,8887000,-2061000,3893000,13001000,42759000,None,None,None,1232000,None,None,None,2561000,-829000,498000,None,0,None,-2061000,500000,-1327000,RDWR
2015-12-31,USD,39771000,48425000,8654000,8654000,-4334000,5769000,13424000,44105000,None,None,None,1940000,None,None,None,2534000,-2394000,358000,None,18569000,None,-4334000,-1800000,-2752000,RDWR
2015-09-30,USD,39553000,48059000,8506000,8506000,-492000,4481000,12825000,40045000,None,None,None,1373000,None,None,None,2437000,881000,220000,None,0,None,-492000,1945000,661000,RDWR
2015-06-30,USD,46343000,56027000,9684000,9684000,7622000,4400000,12239000,38721000,None,None,None,1450000,None,None,None,2348000,9072000,1886000,None,0,None,7299500,9647500,7186000,RDWR
2015-03-31,USD,47124000,57224000,10100000,10100000,7496000,4097000,11951000,39628000,None,None,None,650000,None,None,None,2205000,8146000,1687000,None,0,None,7316500,9521500,6459000,RDWR
2014-12-31,USD,50440000,61030000,10590000,10590000,9730000,29460000,11250000,40709000,None,None,None,1380000,None,None,None,None,11110000,1950000,None,24950000,None,11110000,12490000,9160000,RDWR
2014-09-30,USD,46869000,56795000,9926000,9926000,7863000,4543000,11306000,39006000,None,None,None,1467000,None,None,None,2934000,9330000,1574000,None,0,None,6950500,9884500,7756000,RDWR
2014-06-30,USD,43289000,53055000,9766000,9766000,3895000,5330000,10972000,39394000,None,None,None,1407000,None,None,None,2814000,5302000,1355000,None,0,None,3102500,5916500,3947000,RDWR
2014-03-31,USD,41564000,51010000,9446000,9446000,3592000,5002000,10558000,37972000,None,None,None,1545000,None,None,None,3090000,5137000,1054000,None,0,None,2523500,5613500,4083000,RDWR
2013-12-31,USD,42973000,53027000,10054000,10054000,5614000,4708000,10723000,37359000,None,None,None,1451000,None,None,None,-350000,6715000,993000,None,0,None,5964000,5614000,5722000,RDWR
2013-09-30,USD,38857000,48022000,9165000,9165000,3396000,4386000,10147000,35461000,None,None,None,1043000,None,None,None,2086000,4439000,1537000,None,0,None,3776750,5862750,2902000,RDWR
2013-06-30,USD,37886000,46822000,8936000,8936000,4432000,2791000,10244000,33454000,None,None,None,1235000,None,None,None,2470000,5667000,722000,None,0,None,4428750,6898750,4945000,RDWR
2013-03-31,USD,36546000,45126000,8580000,8580000,4127000,3010000,9869000,32419000,None,None,None,1115000,None,None,None,2230000,5242000,756000,None,0,None,4363750,6593750,4486000,RDWR
2012-12-31,USD,40431000,49838000,9407000,9407000,9085000,2476000,8968000,31346000,None,None,None,1497000,None,None,None,-459000,10123000,1012000,None,0,None,9544000,9085000,9111000,RDWR
2012-09-30,USD,38540000,47510000,8970000,8970000,7987000,2389000,9124000,30553000,None,None,None,1263000,None,None,None,2526000,9250000,1028000,None,0,None,8035750,10561750,8222000,RDWR
2012-06-30,USD,37992000,46802000,8810000,8810000,7605000,2427000,8943000,30387000,None,None,None,989000,None,None,None,1978000,8594000,1043000,None,0,None,5627000,7605000,7551000,RDWR
2012-03-31,USD,36489000,45021000,8532000,8532000,6246000,2404000,9152000,30243000,None,None,None,1502000,None,None,None,3004000,7748000,875000,None,0,None,3242000,6246000,6873000,RDWR
2011-12-31,USD,36464000,45090000,8626000,8626000,6301000,2501000,9146000,30163000,None,None,None,787000,None,None,None,1574000,7088000,468000,None,0,None,4727000,6301000,6620000,RDWR
2011-09-30,USD,33662000,42196000,8534000,8534000,4915000,2343000,9122000,28747000,None,None,None,776000,None,None,None,1552000,5691000,293000,None,0,None,3363000,4915000,5398000,RDWR
2011-06-30,USD,32797000,41115000,8318000,8318000,3930000,2436000,9092000,28867000,None,None,None,1298000,None,None,None,2596000,5228000,298000,None,0,None,1334000,3930000,4930000,RDWR
2011-03-31,USD,30740000,38619000,7879000,7879000,3281000,2349000,8704000,27459000,None,None,None,1339000,None,None,None,2678000,4620000,231000,None,0,None,603000,3281000,4389000,RDWR
2010-12-31,USD,31086000,39054000,7968000,7968000,3325000,2534000,8280000,27761000,None,None,None,855000,None,None,None,1710000,4180000,256000,None,0,None,1615000,3325000,3924000,RDWR
2010-09-30,USD,29315000,36763000,7448000,7448000,2615000,2526000,8240000,26700000,None,None,None,1294000,None,None,None,2588000,3909000,191000,None,0,None,27000,2615000,3718000,RDWR
2010-06-30,USD,28116000,35206000,7090000,7090000,1776000,2560000,7753000,26340000,None,None,None,145000,None,None,None,-290000,1631000,228000,None,0,None,2066000,1776000,1403000,RDWR
2010-03-31,USD,26398000,33096000,6698000,6698000,740000,2570000,7387000,25658000,None,None,None,53000,None,None,None,106000,793000,204000,None,0,None,634000,740000,589000,RDWR
2009-12-31,USD,24610000,32118000,7508000,7508000,1406000,2552000,6345000,23204000,None,None,None,1437000,None,None,None,-931000,1912000,225000,None,0,None,4423000,3492000,1687000,RDWR
2009-09-30,USD,23213000,29212000,5999000,5999000,-325000,2506000,6705000,23538000,None,None,None,682000,None,None,None,1364000,357000,206000,None,0,None,-1689000,-325000,151000,RDWR
2009-06-30,USD,21493000,27079000,5586000,5586000,-2188000,2333000,6796000,23681000,None,None,None,702000,None,None,None,1404000,-1486000,183000,None,0,None,-3592000,-2188000,-1669000,RDWR
2009-03-31,USD,16313000,20495000,4182000,4182000,-5998000,4539000,5828000,22311000,None,None,None,97000,None,None,None,194000,-5901000,204000,None,0,None,-6192000,-5998000,-6105000,RDWR
2008-12-31,USD,17716000,24888000,7172000,7172000,-4967000,15940000,6741000,22683000,None,None,None,519000,None,None,None,519000,-4448000,2684000,None,0,None,-5486000,-4967000,-7132000,RDWR
2008-09-30,USD,18643000,23507000,4864000,4864000,-8947000,4743000,7057000,27590000,None,None,None,869000,None,None,None,869000,-8078000,410000,None,0,None,-9816000,-8947000,-8488000,RDWR
2008-06-30,USD,19079000,24021000,4942000,4942000,-7687000,2578000,7261000,26766000,None,None,None,921000,None,None,None,921000,-7687000,306000,None,0,None,-8608000,-7687000,-7072000,RDWR
2008-03-31,USD,17569000,22165000,4596000,4596000,-9406000,2417000,7298000,26975000,None,None,None,2296000,None,None,None,1303000,-8103000,227000,None,0,None,-10709000,-9406000,-8330000,RDWR
2007-12-31,USD,19470000,24430000,4960000,4960000,-3884000,17010000,6342000,23354000,None,None,None,2296000,None,None,None,2296000,-1588000,191000,None,0,None,-6180000,-3884000,-1779000,RDWR
2007-09-30,USD,18360000,23018000,4658000,4658000,-4205000,16580000,5988000,22565000,None,None,None,1725000,None,None,None,1725000,-2480000,168000,None,0,None,-5930000,-4205000,-2648000,RDWR
2007-06-30,USD,18360000,23018000,4658000,4658000,-4205000,16720000,5988000,22565000,None,None,None,1637000,None,None,None,1725000,-2480000,168000,None,0,None,-5930000,-4205000,-2648000,RDWR
2007-03-31,USD,17141000,21463000,4322000,4322000,-5558000,14780000,5978000,22699000,None,None,None,2069000,None,None,None,1637000,-3921000,92000,None,0,None,-7195000,-5558000,-4013000,RDWR
2006-12-31,USD,14632000,19719000,5087000,5087000,-5357000,13860000,5207000,19989000,None,None,None,2069000,None,None,None,1763000,-3594000,-23000,None,0,None,-7120000,-5357000,-3571000,RDWR
2006-09-30,USD,16968000,21093000,4125000,4125000,-1857000,14430000,4961000,18825000,None,None,None,1938000,None,None,None,2069000,212000,102000,None,0,None,-3926000,-1857000,110000,RDWR
2006-06-30,USD,16288000,20213000,3925000,3925000,-2740000,14410000,4598000,19028000,None,None,None,1815000,None,None,None,1938000,-802000,294000,None,0,None,-4678000,-2740000,-1096000,RDWR
2006-03-31,USD,16182000,20058000,3876000,3876000,-2497000,13600000,4268000,18679000,None,None,None,1342000,None,None,None,1815000,-682000,-78000,None,0,None,-4312000,-2497000,-604000,RDWR
2005-12-31,USD,16181000,20046000,3865000,3865000,-1252000,12480000,3832000,17433000,None,None,None,1342000,None,None,None,1600000,348000,38000,None,0,None,-2852000,-1252000,310000,RDWR
2005-09-30,USD,16985000,21038000,4053000,4053000,1142000,11600000,3362000,15843000,None,None,None,1300000,None,None,None,1342000,2484000,130000,None,0,None,-200000,1142000,2354000,RDWR
2005-06-30,USD,15221000,19018000,3797000,3797000,328000,10210000,3298000,14893000,None,None,None,1226000,None,None,None,1300000,1628000,39000,None,0,None,-972000,328000,1589000,RDWR
2005-03-31,USD,14016000,17507000,3491000,3491000,-275000,10210000,3331000,14291000,None,None,None,29170000,None,None,None,1291000,1016000,16000,None,0,None,-1566000,-275000,1000000,RDWR
2004-12-31,USD,12762000,15522000,2760000,2760000,1703000,9650000,2337000,11059000,None,None,None,29170000,None,None,None,1063000,4482000,-1063000,None,0,None,640000,1703000,2766000,RDWR
