fiscalDateEnding,reportedCurrency,grossProfit,totalRevenue,costOfRevenue,costofGoodsAndServicesSold,operatingIncome,sellingGeneralAndAdministrative,researchAndDevelopment,operatingExpenses,investmentIncomeNet,netInterestIncome,interestIncome,interestExpense,nonInterestIncome,otherNonOperatingIncome,depreciation,depreciationAndAmortization,incomeBeforeTax,incomeTaxExpense,interestAndDebtExpense,netIncomeFromContinuingOperations,comprehensiveIncomeNetOfTax,ebit,ebitda,netIncome,ticker
2024-09-30,USD,480075000,1067074000,959089000,582128000,-35763000,337040000,178798000,515838000,None,None,None,10000,1062203000,None,None,15349000,-4883000,4147000,None,-9030000,-8416000,-35763000,-20414000,-9030000,ROKU
2024-06-30,USD,424700000,970154000,888823000,543479000,-71243000,320462000,175481000,495943000,None,None,None,None,968179000,None,None,15807000,-43153000,-9200000,None,-33914000,-34436000,-71243000,-55436000,-33953000,ROKU
2024-03-31,USD,388291000,881382000,792166000,493178000,-72036000,279868000,180459000,460327000,None,-10000,None,10000,880472000,25956000,None,16473000,-46090000,4765000,None,-50855000,-51192000,-72036000,-55563000,-50855000,ROKU
2023-12-31,USD,437924000,986437000,998159000,546501000,-104168000,358291000,183801000,542092000,None,-35000,None,35000,986437000,27665000,None,17400000,-76538000,1753000,None,-78291000,-77966000,-104168000,-86768000,-78291000,ROKU
2023-09-30,USD,368823000,912018000,1497854000,543195000,-349789000,436411000,282201000,718612000,None,-10000,None,10000,912018000,22912000,None,18866000,-326871000,3184000,None,-330087000,-330308000,-349789000,-330923000,-330071000,ROKU
2023-06-30,USD,378271000,847186000,785205000,468915000,-125960000,311844000,192387000,504231000,None,-4000,None,4000,847186000,19999000,None,18545000,-105965000,1600000,None,-107595000,-107559000,-125960000,-107415000,-107595000,ROKU
2023-03-31,USD,337597000,739595000,784609000,403393000,-212460000,329972000,220085000,550057000,None,-681000,None,681000,739595000,23101000,None,15636000,-190040000,3564000,None,-193604000,-193277000,-212460000,-196824000,-193604000,ROKU
2022-12-31,USD,364379000,863134000,7500000,502677000,-249896000,393605000,220670000,614275000,None,-1888000,None,1888000,863134000,13614000,None,12236000,-238170000,-975000,None,-15000000,-236413000,-249896000,-237660000,-237195000,ROKU
2022-09-30,USD,356787000,761373000,705154000,404586000,-146989000,296168000,207608000,503776000,None,-1157000,None,1157000,761373000,27914000,None,13513000,-120183000,2000000,None,-122183000,-122886000,-146989000,-133476000,-122183000,ROKU
2022-06-30,USD,355149000,764406000,682782000,409257000,-110513000,269025000,196637000,465662000,None,-1059000,None,1059000,764406000,1829000,None,11416000,-109743000,2578000,None,-112321000,-112651000,-110513000,-99097000,-112321000,ROKU
2022-03-31,USD,364807000,733699000,604677000,368892000,-23490000,224299000,163998000,388297000,None,-1057000,None,1057000,733699000,409000,None,11486000,-24138000,2168000,None,-26306000,-26388000,-23490000,-12004000,-26306000,ROKU
2021-12-31,USD,379644000,864129000,728844000,485685000,21364000,231842000,126438000,358280000,None,-749000,None,749000,864129000,2006000,None,11317000,22589000,-1098000,None,23719000,23699000,21364000,32681000,23687000,ROKU
2021-09-30,USD,363919000,679953000,495500000,316034000,68846000,174766000,120307000,295073000,None,-743000,None,743000,679953000,500000,None,10892000,68635000,-300000,None,68903000,68935000,68846000,79738000,68935000,ROKU
2021-06-30,USD,338266000,645319000,467459000,306853000,69084000,155906000,113276000,269182000,None,-746000,None,746000,645119000,1520000,None,10807000,69858000,-3609000,None,73458000,73467000,69084000,79891000,73467000,ROKU
2021-03-31,USD,326771000,574183000,406401000,247412000,75806000,149384000,101581000,250965000,None,-742000,None,742000,574183000,441000,None,9605000,75505000,-791000,None,76296000,76296000,75806000,85411000,76296000,ROKU
2020-12-31,USD,305458000,649886000,499643000,344428000,65151000,145576000,94731000,240307000,None,-762000,None,762000,649886000,2213000,None,9639000,66561000,-745000,None,305458000,67306000,65151000,74790000,67306000,ROKU
2020-09-30,USD,214824000,451947000,354905000,236839000,11970000,114466000,88388000,202854000,None,-773000,None,773000,451663000,1202000,None,9319000,12447000,-500000,None,12899000,12947000,11970000,21289000,12947000,ROKU
2020-06-30,USD,146836000,356972000,313895000,209237000,-42209000,104658000,84387000,189045000,None,-1034000,None,1034000,356073000,557000,None,8800000,-42648000,500000,None,-43148000,-43148000,-42209000,-33409000,-43148000,ROKU
2020-03-31,USD,141101000,321552000,296101000,179665000,-55165000,107988000,88278000,196266000,None,-863000,863000,863000,320766000,1261000,None,8448000,-54767000,-155000,None,-54612000,-54612000,-55165000,-46717000,-54612000,ROKU
2019-12-31,USD,161647000,411230000,357175000,249583000,-17384000,100239000,78792000,179031000,None,-930000,930000,930000,411230000,2234000,None,6499000,-16099000,-382000,None,161647000,-15686000,-17384000,-10885000,-15717000,ROKU
2019-09-30,USD,118477000,261592000,218990000,142451000,-26549000,76539000,68487000,145026000,None,-767000,767000,767000,260928000,2065000,None,3493000,-25255000,-100000,None,-25155000,-25161000,-26549000,-23056000,-25155000,ROKU
2019-06-30,USD,114209000,250101000,198493000,135892000,-10386000,62601000,61994000,124595000,None,-571000,571000,571000,250101000,1240000,None,2828000,-9717000,-384000,None,-9317000,-9330000,-10386000,-7558000,-9333000,ROKU
2019-03-31,USD,100891000,206662000,164513000,105771000,-10740000,55893000,55738000,111631000,None,-98000,98000,98000,206662000,967000,None,2849000,-9871000,-139000,None,-9732000,-9714000,-10740000,-7891000,-9732000,ROKU
2018-12-31,USD,112291000,275739000,222169000,163448000,5487000,55804000,51000000,106804000,None,None,None,126000,275739000,1338000,None,2565000,6702000,-76000,None,112291000,6768000,5487000,8052000,6778000,ROKU
2018-09-30,USD,78993000,173269000,139760000,94388000,-11749000,45372000,45370000,90742000,None,-112000,None,112000,173381000,2162000,None,2218000,-9727000,-200000,112000,-9527000,-9534000,-9615000,-7397000,-9527000,ROKU
2018-06-30,USD,77752000,156753000,116746000,79058000,-132000,37688000,40196000,77884000,None,-57000,None,57000,156810000,361000,None,1950000,126000,-400000,57000,526000,526000,183000,2133000,526000,ROKU
2018-03-31,USD,63112000,136525000,111008000,73464000,-6902000,35888000,34126000,70014000,None,-51000,None,51000,136576000,448000,None,1656000,-6505000,129000,51000,-6634000,-6634000,-6454000,-4798000,-6634000,ROKU
2017-12-31,USD,73461000,188261000,148925000,114800000,9494000,32672000,31295000,63967000,None,None,None,326000,188261000,282000,None,1453000,7112000,171000,1052000,73461000,6941000,9494000,10947000,6941000,ROKU
2017-09-30,USD,49895000,123967000,105445000,74887000,-7892000,29255000,28532000,57787000,None,-815000,None,815000,124782000,212000,None,1303000,-46177000,58000,815000,-46235000,-46235000,-45362000,-44059000,-46235000,ROKU
2017-06-30,USD,37637000,99627000,61990000,61990000,-13383000,10577000,25776000,51020000,None,None,None,304000,None,128000,None,1333000,-15475000,38000,None,10593000,None,-15171000,-13838000,-15513000,ROKU
2017-03-31,USD,38840000,100093000,61253000,61253000,-7835000,10278000,22342000,46675000,None,None,None,167000,None,83000,None,1247000,-8654000,48000,None,-8702000,None,-8487000,-7240000,-8702000,ROKU
2016-12-31,USD,44663000,147340000,102677000,102677000,3379000,8008000,19477000,41284000,None,None,None,17000,None,-154000,None,1101000,3335000,108000,None,-42758000,None,3379000,4480000,3227000,ROKU
2016-09-30,USD,26050000,89053000,63003000,63003000,-14101000,9078000,18229000,40151000,None,None,None,32000,None,-41000,None,1351000,-12693000,50000,None,None,None,-14101000,-12750000,-12743000,ROKU
2016-06-30,USD,25076000,83809000,57647000,57647000,None,34941000,18412000,None,None,None,None,None,None,None,None,None,None,29000,None,None,None,None,None,-14109000,ROKU
2016-03-31,USD,25256000,78447000,51107000,51107000,None,44226000,20059000,None,None,None,None,None,None,None,None,None,None,24000,None,None,None,None,None,-19133000,ROKU
