fiscalDateEnding,reportedCurrency,grossProfit,totalRevenue,costOfRevenue,costofGoodsAndServicesSold,operatingIncome,sellingGeneralAndAdministrative,researchAndDevelopment,operatingExpenses,investmentIncomeNet,netInterestIncome,interestIncome,interestExpense,nonInterestIncome,otherNonOperatingIncome,depreciation,depreciationAndAmortization,incomeBeforeTax,incomeTaxExpense,interestAndDebtExpense,netIncomeFromContinuingOperations,comprehensiveIncomeNetOfTax,ebit,ebitda,netIncome,ticker
2024-12-31,EUR,1368000000,4242000000,2874000000,2874000000,477000000,122000000,376000000,891000000,None,56000000,63000000,9000000,None,None,None,30000000,499000000,132000000,None,367000000,None,508000000,538000000,367000000,SPOT
2024-09-30,USD,1240000000,3988000000,2748000000,2748000000,454000000,112000000,342000000,786000000,None,55000000,61000000,6000000,None,None,None,30000000,398000000,98000000,None,300000000,None,407000000,437000000,300000000,SPOT
2024-06-30,USD,1091333633,3807000000,2715666367,2715666367,266000000,124000000,379000000,846000000,None,4000000,76000000,72000000,None,None,None,17000000,270000000,-4000000,None,274000000,None,266000000,283000000,274000000,SPOT
2024-03-31,EUR,1004000000,3636000000,2632000000,2632000000,168000000,123000000,389000000,836000000,None,6000000,59000000,53000000,None,None,None,31000000,174000000,-23000000,None,197000000,None,227000000,258000000,197000000,SPOT
2023-12-31,EUR,1004000000,3636000000,2632000000,2632000000,168000000,123000000,389000000,836000000,None,33000000,41000000,53000000,None,None,None,31182479,174000000,-23000000,None,-70000000,None,182817521,214000000,197000000,SPOT
2023-09-30,EUR,885000000,3357000000,2472000000,2472000000,32000000,129000000,369000000,853000000,None,27000000,41000000,9000000,None,None,None,37047102,73000000,8000000,None,65000000,None,80952898,118000000,65000000,SPOT
2023-06-30,EUR,892623309,3466826713,2574203404,2574203404,-112396333,149498035,494325621,1055216061,None,20000000,6000000,10000000,None,None,None,43903228,-262985595,66564818,None,-302000000,None,-131201351,-87298123,-329550414,SPOT
2023-03-31,EUR,766000000,3042000000,2276000000,2276000000,-156000000,140000000,435000000,922000000,None,-50000000,27000000,77000000,None,None,None,43558808,-206000000,19000000,None,-225000000,None,-128558808,-85000000,-225000000,SPOT
2022-12-31,EUR,801000000,3166000000,2365000000,2365000000,-231000000,164000000,415000000,1032000000,None,-123000000,22000000,27000000,None,None,None,47654905,-291000000,-21000000,None,-270000000,None,-339654905,-292000000,-270000000,SPOT
2022-09-30,EUR,750000000,3036000000,2286000000,2286000000,-228000000,160000000,386000000,978000000,None,-2000000,15000000,11000000,None,None,None,45198394,-144000000,22000000,None,-166000000,None,-192198394,-147000000,-166000000,SPOT
2022-06-30,EUR,704000000,2864000000,2160000000,2160000000,-194000000,171000000,336000000,898000000,None,-7000000,7000000,10000000,None,None,None,40620465,-90000000,35000000,None,-125000000,None,-150620465,-110000000,-125000000,SPOT
2022-03-31,EUR,671000000,2661000000,1990000000,1990000000,93000000,131000000,250000000,677000000,None,-1000000,3000000,10000000,None,None,None,37511023,155000000,24000000,None,131000000,None,92488977,130000000,131000000,SPOT
2021-12-31,EUR,712000000,2689000000,1977000000,1977000000,-7000000,126000000,253000000,719000000,None,-1000000,20000000,21000000,None,None,None,33185093,-8000000,31000000,None,-39000000,None,12814907,46000000,-39000000,SPOT
2021-09-30,EUR,668000000,2501000000,1833000000,1833000000,75000000,105000000,208000000,593000000,None,-6000000,3000000,10000000,None,None,None,33591446,162000000,160000000,None,2000000,None,129408554,163000000,2000000,SPOT
2021-06-30,EUR,663000000,2331000000,1668000000,1668000000,12000000,117000000,255000000,651000000,None,-4000000,21000000,10000000,None,None,None,31515657,8000000,28000000,None,-20000000,None,29484343,61000000,-20000000,SPOT
2021-03-31,EUR,548000000,2147000000,1599000000,1599000000,14000000,102000000,196000000,534000000,None,-27000000,3000000,10000000,None,None,None,30744984,87000000,64000000,None,23000000,None,45255016,76000000,23000000,SPOT
2020-12-31,EUR,575000000,2168000000,1593000000,1593000000,-69000000,118000000,232000000,644000000,None,-110000000,4000000,114000000,None,None,None,29000000,-179000000,-54000000,None,-125000000,None,-65000000,-36000000,-125000000,SPOT
2020-09-30,EUR,489000000,1975000000,1486000000,1486000000,-40000000,97000000,176000000,529000000,None,-10000000,3000000,10000000,None,None,None,28000000,-116000000,-15000000,None,-101000000,None,-40000000,-12000000,-101000000,SPOT
2020-06-30,EUR,489000000,1975000000,1486000000,1486000000,-40000000,97000000,176000000,529000000,None,-7000000,4000000,10000000,None,None,None,28000000,-116000000,-15000000,None,-356000000,None,-40000000,-12000000,-101000000,SPOT
2020-03-31,EUR,479000000,1889000000,1410000000,1410000000,-167000000,131000000,267000000,646000000,None,-2000000,7000000,10000000,None,None,None,28000000,-455000000,-99000000,None,1000000,None,-164000000,-136000000,-356000000,SPOT
2019-12-31,EUR,472000000,1848000000,1376000000,1376000000,-17000000,96000000,162000000,489000000,None,-49000000,237000000,11000000,None,0,None,26000000,41000000,40000000,None,-209000000,None,-8000000,18000000,1000000,SPOT
2019-09-30,EUR,474000000,1855000000,1381000000,1381000000,-77000000,102000000,173000000,551000000,None,216000000,226000000,103000000,None,0,None,24000000,-173000000,36000000,None,241000000,None,-70000000,-46000000,-209000000,SPOT
2019-06-30,EUR,441000000,1731000000,1290000000,1290000000,54000000,73000000,136000000,387000000,None,-4000000,7000000,10000000,None,0,None,22000000,270000000,29000000,None,-76000000,None,280000000,302000000,241000000,SPOT
2019-03-31,EUR,434000000,1667000000,1233000000,1233000000,-3000000,86000000,151000000,437000000,None,-2000000,120000000,10000000,None,0,None,20000000,-59000000,17000000,None,-142000000,None,3000000,23000000,-76000000,SPOT
2018-12-31,EUR,373000000,1511000000,1138000000,1138000000,-47000000,93000000,155000000,420000000,None,None,None,9000000,None,0,None,21000000,-169000000,-27000000,None,581551981.72,None,-40000000,-19000000,-142000000,SPOT
2018-09-30,EUR,399000000,1495000000,1096000000,1096000000,94000000,42000000,100000000,305000000,None,None,None,2000000,None,0,None,8000000,481000000,39000000,None,49780041.68,None,483000000,491000000,442000000,SPOT
2018-06-30,EUR,342000000,1352000000,1010000000,1010000000,-6000000,67000000,135000000,348000000,None,None,None,2000000,None,0,None,7000000,-82000000,-125000000,None,-458566108.01,None,2000000,9000000,43000000,SPOT
2018-03-31,EUR,283000000,1139000000,856000000,856000000,-41000000,71000000,115000000,324000000,None,None,None,545000000,None,None,None,11000000,-180000000,-11000000,None,-207897650.39,None,-106000000,-95000000,-169000000,SPOT
2017-12-31,EUR,282000000,1149000000,867000000,867000000,-87000000,73000000,123000000,369000000,None,None,None,545000000,None,None,None,13000000,-596000000,36000000,None,-957000000,None,-51000000,-38000000,-596000000,SPOT
2017-09-30,EUR,230000000,1032000000,802000000,802000000,-73000000,67000000,98000000,303000000,None,None,None,1000000,None,None,None,15000000,-278000000,-105000000,None,-436000000,None,-174000000,-159000000,-278000000,SPOT
2017-06-30,EUR,232000000,1007000000,775000000,775000000,-79000000,70000000,95000000,311000000,None,None,None,1000000,None,None,None,12000000,-187000000,1000000,None,331000000,None,-97000000,-85000000,-188000000,SPOT
2017-03-31,EUR,105000000,902000000,797000000,797000000,-139000000,54000000,80000000,244000000,None,None,None,1000000,None,None,None,14000000,-172000000,1000000,None,-173000000,None,-173000000,-159000000,-173000000,SPOT
2016-12-31,EUR,153000000,872000000,719000000,719000000,-87000000,178000000,62000000,240000000,None,None,None,2000000,None,None,None,4000000,-85000000,608000,None,-539000000,None,-87000000,-83000000,-85000000,SPOT
2016-09-30,EUR,113000000,747000000,634000000,634000000,-66000000,128000000,51000000,179000000,None,None,None,61000000,None,None,None,-122000000,-127000000,3000000,None,0,None,-66000000,-188000000,-130000000,SPOT
2016-06-30,EUR,104000000,714000000,610000000,610000000,-92000000,143000000,52000000,196000000,None,None,None,94000000,None,None,None,-188000000,-186000000,-1000000,None,0,None,-92000000,-280000000,-185000000,SPOT
2016-03-31,EUR,31000000,619000000,588000000,588000000,-106000000,94000000,42000000,137000000,None,None,None,31000000,None,None,None,-62000000,-137000000,2000000,None,0,None,-106000000,-168000000,-139000000,SPOT
