fiscalDateEnding,reportedCurrency,grossProfit,totalRevenue,costOfRevenue,costofGoodsAndServicesSold,operatingIncome,sellingGeneralAndAdministrative,researchAndDevelopment,operatingExpenses,investmentIncomeNet,netInterestIncome,interestIncome,interestExpense,nonInterestIncome,otherNonOperatingIncome,depreciation,depreciationAndAmortization,incomeBeforeTax,incomeTaxExpense,interestAndDebtExpense,netIncomeFromContinuingOperations,comprehensiveIncomeNetOfTax,ebit,ebitda,netIncome,ticker
2024-09-30,USD,451900000,490100000,38200000,405200000,47200000,9600000,None,38200000,None,-5700000,None,5700000,490100000,-1000000,None,28600000,38900000,8200000,5700000,33300000,30800000,47200000,75800000,30700000,SXC
2024-06-30,USD,423800000,470900000,47100000,418400000,34700000,17800000,None,47100000,None,-5800000,None,5800000,470900000,-9100000,None,29200000,27100000,5600000,None,23300000,20800000,32900000,62100000,21500000,SXC
2024-03-31,USD,429800000,482100000,52300000,435500000,34500000,18400000,None,52300000,None,-6300000,None,6300000,488400000,-8900000,None,33800000,27100000,7100000,6300000,21100000,19900000,33400000,67200000,20000000,SXC
2023-12-31,USD,461300000,514300000,53000000,479000000,26200000,15400000,None,53000000,None,-6300000,None,6300000,520600000,-5800000,None,36100000,18400000,4600000,6300000,15300000,13700000,24700000,60800000,13800000,SXC
2023-09-30,USD,458500000,513800000,55300000,436100000,29700000,19100000,None,55300000,None,-6600000,6600000,6600000,520400000,9200000,None,36000000,21600000,14600000,6600000,8500000,6700000,28200000,64200000,7000000,SXC
2023-06-30,USD,472700000,527200000,54500000,443100000,37500000,17400000,None,54500000,None,-7200000,7200000,7200000,534400000,-8200000,None,37000000,28700000,8300000,7200000,22000000,20800000,35900000,72900000,20400000,SXC
2023-03-31,USD,425900000,480600000,54700000,402000000,31700000,18800000,None,54700000,None,-7200000,7200000,7200000,487800000,-9200000,None,35800000,23100000,6800000,7200000,17700000,16500000,30300000,66100000,16300000,SXC
2022-12-31,USD,457000000,506300000,49300000,441700000,23000000,13500000,None,49300000,None,-7700000,7700000,7700000,514000000,-2400000,None,36300000,14300000,2500000,7700000,12800000,15200000,22000000,58300000,11800000,SXC
2022-09-30,USD,452100000,508800000,56700000,413400000,47600000,20100000,None,56700000,None,-8000000,8000000,8000000,516800000,-9100000,None,36200000,38500000,-2900000,8000000,42500000,41200000,46500000,82700000,41400000,SXC
2022-06-30,USD,436500000,493600000,57100000,411800000,34500000,19800000,None,57100000,None,-8300000,8300000,8300000,501900000,None,None,36300000,25200000,7200000,8300000,19000000,17100000,33500000,69800000,18000000,SXC
2022-03-31,USD,378100000,431800000,53700000,338000000,48600000,18000000,None,53700000,None,-8000000,8000000,8000000,439800000,None,None,35700000,39500000,10000000,8000000,30600000,30900000,47500000,83200000,29500000,SXC
2021-12-31,USD,308800000,357600000,48800000,288900000,28000000,13500000,None,48800000,None,-7700000,7700000,7700000,365300000,None,None,35400000,19000000,6300000,7700000,14000000,13600000,26700000,62100000,12700000,SXC
2021-09-30,USD,310300000,358600000,48300000,277300000,41400000,15300000,None,48300000,None,-7900000,7900000,7900000,366500000,None,None,33000000,32400000,9400000,7900000,24100000,22100000,40300000,73300000,23000000,SXC
2021-06-30,USD,265900000,318200000,52300000,278600000,33900000,17700000,None,52300000,None,-14200000,14200000,14200000,332400000,-31900000,None,34600000,-13500000,-4700000,46100000,-7500000,-7800000,700000,35300000,-8800000,SXC
2021-03-31,USD,298000000,347200000,49200000,274000000,38200000,15300000,None,49200000,None,-12700000,12700000,12700000,359900000,None,None,32900000,23800000,7300000,12700000,18200000,15900000,36500000,69400000,16500000,SXC
2020-12-31,USD,234400000,299300000,64900000,243000000,4800000,30300000,1600000,64900000,None,-13100000,13100000,13100000,312400000,2300000,None,32500000,-7500000,-2500000,10800000,-3500000,-5900000,5600000,38100000,-5000000,SXC
2020-09-30,USD,236400000,289000000,52600000,238300000,12000000,18400000,900000,52600000,None,-13700000,13700000,13700000,302700000,500000,None,34200000,-2500000,200000,13200000,-1400000,-3000000,11200000,45400000,-2700000,SXC
2020-06-30,USD,271900000,323100000,51200000,262500000,24900000,16500000,600000,51200000,None,-14900000,14900000,14900000,338000000,None,None,34700000,8700000,2200000,14900000,7800000,6100000,23600000,58300000,6500000,SXC
2020-03-31,USD,320000000,371000000,51000000,304400000,28000000,16200000,None,51000000,None,-14600000,14600000,14600000,385600000,2900000,None,34800000,15300000,10400000,11700000,5900000,3800000,29900000,64700000,4900000,SXC
2019-12-31,USD,39400000,397200000,357800000,323800000,16500000,22900000,None,58600000,None,-14700000,14700000,14700000,397200000,None,None,34700000,1200000,2600000,14700000,39400000,-1900000,15900000,50600000,-1400000,SXC
2019-09-30,USD,49300000,404300000,355000000,319400000,-212400000,14300000,None,300000000,None,-15700000,15700000,15700000,405800000,1500000,None,38300000,-226500000,-63500000,14200000,-163100000,-163900000,-210800000,-172500000,-163000000,SXC
2019-06-30,USD,43500000,407500000,364000000,327000000,21600000,21900000,None,61600000,None,-15100000,15100000,15100000,407500000,None,None,39700000,5500000,3200000,15100000,3300000,2400000,20600000,60300000,2300000,SXC
2019-03-31,USD,46700000,391300000,344600000,307400000,30000000,16700000,None,56600000,None,-14800000,14800000,14800000,391300000,None,None,39900000,12800000,3000000,14800000,12200000,9800000,27600000,67500000,9800000,SXC
2018-12-31,USD,39700000,368900000,329200000,287900000,22800000,16900000,None,61900000,None,-14500000,None,14500000,368900000,None,None,44100000,4600000,2800000,61400000,39700000,2700000,19100000,63200000,1800000,SXC
2018-09-30,USD,45800000,364500000,318700000,283300000,30100000,15700000,None,53800000,None,-15400000,None,15400000,364500000,None,None,38100000,9100000,-2400000,0,17100000,11000000,24500000,62600000,11500000,SXC
2018-06-30,USD,52300000,367000000,314700000,282700000,34700000,17600000,None,52400000,None,-15700000,None,15700000,361600000,-5400000,None,34800000,6400000,2200000,0,16800000,12000000,22100000,56900000,4200000,SXC
2018-03-31,USD,47000000,350500000,303500000,270600000,31100000,15900000,None,51600000,None,-15800000,None,15800000,350200000,-300000,None,35700000,10700000,2000000,16100000,13000000,8600000,26500000,62200000,8700000,SXC
2017-12-31,USD,56800000,359600000,302800000,272000000,38800000,18000000,None,52900000,None,-16900000,-1300000,15600000,359600000,None,None,33800000,-17000000,-151000000,15600000,56600000,132700000,-1400000,32400000,134000000,SXC
2017-09-30,USD,51300000,339000000,287700000,257200000,33900000,17400000,None,51100000,None,-16100000,None,16100000,-100000,-100000,None,33400000,10100000,-1500000,16200000,18800000,12000000,26200000,59600000,11600000,SXC
2017-06-30,USD,32900000,323200000,290300000,257200000,8900000,24000000,None,60200000,None,-15200000,None,15200000,-20200000,-20200000,None,36100000,-19500000,4700000,35400000,-31500000,-24500000,-4300000,31800000,-24200000,SXC
2017-03-31,USD,42200000,309700000,267500000,234400000,22600000,19600000,None,55800000,None,-13700000,300000,14000000,-100000,-100000,None,36100000,67200000,66200000,13800000,-57700000,1100000,81200000,117300000,1000000,SXC
2016-12-31,USD,69800000,325600000,255800000,224000000,48600000,21800000,None,73500000,None,-14500000,-1300000,13200000,100000,100000,None,34600000,19700000,2700000,13100000,69600000,16800000,32900000,67500000,17000000,SXC
2016-09-30,USD,50700000,293900000,243200000,217600000,28900000,21800000,None,50200000,None,-12900000,None,12900000,1000000,1000000,None,28400000,8700000,2600000,11900000,14400000,6000000,21600000,50000000,6100000,SXC
2016-06-30,USD,39700000,292700000,253000000,224400000,10900000,23700000,None,60300000,None,-13400000,None,13400000,-1600000,3500000,None,31500000,-4600000,0,9900000,1000000,-3900000,8800000,40300000,-4600000,SXC
2016-03-31,USD,42400000,311100000,268700000,239000000,9500000,23700000,None,65500000,None,-14000000,None,14000000,20400000,20400000,None,30900000,-800000,3300000,-6400000,12600000,-3700000,13200000,44100000,-4100000,SXC
2015-12-31,USD,36300000,353600000,317300000,274000000,24800000,21500000,None,65000000,None,-14700000,None,14700000,8300000,None,None,38400000,5100000,-13900000,-3100000,36300000,18200000,19800000,58200000,19000000,SXC
2015-09-30,USD,44300000,336900000,292600000,266300000,23100000,21900000,None,48300000,None,-14600000,None,14600000,0,-20200000,None,25600000,-18700000,4800000,14600000,3700000,-25200000,-4100000,21500000,-23500000,SXC
2015-06-30,USD,25200000,348200000,323000000,296000000,6400000,19400000,None,46400000,None,-13000000,None,13000000,0,-700000,None,26400000,-14300000,-800000,13000000,-5800000,-5800000,-1300000,25100000,-13500000,SXC
2015-03-31,USD,38000000,324000000,286000000,254500000,25500000,12600000,None,38300000,None,-13900000,None,13900000,-9400000,-700000,None,23800000,-2900000,1100000,32700000,2400000,-7500000,11000000,34800000,-4000000,SXC
2014-12-31,USD,32700000,395000000,362300000,315000000,-21600000,33700000,None,59000000,None,3300000,None,-3300000,-300000,-32000000,None,26700000,-75400000,-9900000,12100000,-15700000,-72300000,-78700000,-52000000,-65500000,SXC
2014-09-30,USD,60700000,377000000,316300000,280600000,25900000,19200000,None,53100000,None,-11900000,None,11900000,0,-1500000,None,22500000,2500000,6100000,11900000,24900000,-6600000,14400000,36900000,-3600000,SXC
2014-06-30,USD,53100000,372200000,319100000,290000000,-71400000,21900000,None,152100000,None,-27100000,None,27100000,-15400000,-900000,None,28600000,-100000000,-50800000,27100000,-7200000,-47000000,-72900000,-44300000,-49200000,SXC
2014-03-31,USD,25000000,352500000,327500000,304000000,13700000,21000000,None,35400000,None,-12100000,None,12100000,0,-600000,None,24400000,-9000000,-1200000,12100000,2200000,-7600000,3100000,27500000,-7800000,SXC
2013-12-31,USD,56500000,450200000,393700000,316700000,16200000,28500000,None,-11100000,None,-12300000,None,12300000,-1500000,-52000000,None,-57400000,7800000,-3300000,12300000,23100000,19800000,20100000,-37300000,11100000,SXC
2013-09-30,USD,54600000,373400000,318800000,316500000,31800000,23100000,None,35600000,None,-12100000,None,12100000,None,-2300000,None,18800000,7700000,1500000,12100000,15900000,-4400000,19800000,38600000,6200000,SXC
2013-06-30,USD,51700000,403700000,352000000,332400000,26100000,21800000,None,33900000,None,-12100000,None,12100000,None,-200000,None,23400000,6800000,1100000,12100000,15500000,1700000,18900000,49500000,5700000,SXC
2013-03-31,USD,49800000,453900000,404100000,382400000,27000000,20600000,None,36400000,None,-15800000,None,15800000,None,None,None,23900000,6900000,4800000,15800000,11100000,1700000,22700000,50900000,2100000,SXC
2012-12-31,USD,54300000,442000000,387700000,403000000,18200000,17800000,None,33500000,0,83600000,95200000,11600000,None,None,None,23300000,25700000,-1900000,11800000,8500000,28600000,37300000,67600000,27600000,SXC
2012-09-30,USD,72300000,480500000,408200000,388900000,52700000,20000000,None,32400000,100000,-12200000,None,12200000,None,100000,None,18900000,39200000,7600000,12300000,32900000,31000000,51400000,71700000,31600000,SXC
2012-06-30,USD,63100000,460900000,397800000,377400000,42800000,20500000,None,8600000,200000,-11800000,None,11800000,None,200000,None,20200000,29700000,7000000,-12000000,24000000,21100000,41500000,63200000,22700000,SXC
2012-03-31,USD,53900000,481300000,427400000,408300000,33900000,20700000,None,32800000,100000,-12000000,None,12000000,None,100000,None,18400000,22200000,5300000,12100000,16600000,16700000,34200000,52400000,16900000,SXC
2011-12-31,USD,25400000,424100000,398700000,372534000,11700000,23900000,None,35637000,116000,-1540000,10260000,11800000,None,None,None,16023000,5100000,-2900000,11740000,25400000,1100000,16900000,37669000,8000000,SXC
2011-09-30,USD,55600000,403500000,347900000,332723000,30000000,26000000,None,34799000,166000,-8860000,-60000,8800000,None,166000,None,14752000,23300000,5100000,8860000,21732000,15600000,32100000,46126000,18200000,SXC
2011-07-18,USD,None,None,None,None,None,None,None,None,None,None,None,None,None,None,None,None,None,None,None,None,11500000,None,None,11900000,SXC
2011-06-30,USD,43800000,377900000,334100000,319214000,21500000,22600000,None,22704000,83000,-400000,None,400000,None,83000,None,14605000,24400000,1900000,400000,23993000,22500000,21500000,42202000,22500000,SXC
2011-03-31,USD,20000000,333400000,313400000,281329000,4300000,16200000,None,47724000,None,None,None,1188000,None,None,None,13020000,15000000,3100000,None,None,11500000,4300000,23002000,11900000,SXC
2010-12-31,USD,53782000,317123000,263434000,263434000,15702000,25663000,None,38020000,None,None,None,733000,None,None,None,12325000,24071000,5634000,None,None,None,15702000,33811000,18437000,SXC
2010-09-30,USD,77111000,331635000,254524000,254524000,48366000,14732000,None,28745000,None,None,None,1124000,None,None,None,14013000,49936000,12490000,None,None,None,48366000,68567000,37446000,SXC
2010-06-30,USD,82516000,349319000,266803000,266803000,57859000,13550000,None,24657000,None,None,None,1701000,None,None,None,11107000,59068000,14774000,None,None,None,57859000,75132000,44294000,SXC
