fiscalDateEnding,reportedCurrency,grossProfit,totalRevenue,costOfRevenue,costofGoodsAndServicesSold,operatingIncome,sellingGeneralAndAdministrative,researchAndDevelopment,operatingExpenses,investmentIncomeNet,netInterestIncome,interestIncome,interestExpense,nonInterestIncome,otherNonOperatingIncome,depreciation,depreciationAndAmortization,incomeBeforeTax,incomeTaxExpense,interestAndDebtExpense,netIncomeFromContinuingOperations,comprehensiveIncomeNetOfTax,ebit,ebitda,netIncome,ticker
2024-12-31,None,6597000000,47115000000,40518000000,40518000000,6597000000,None,None,None,None,None,None,979000000,None,None,None,2715000000,6351000000,2929000000,None,None,None,7330000000,10045000000,3956000000,TTE
2024-09-30,EUR,12612000000,47429000000,34817000000,34817000000,4781000000,None,None,12612000000,None,-235000000,457000000,797000000,None,None,None,4020000000,4540000000,2179000000,None,2361000000,None,5337000000,9357000000,2294000000,TTE
2024-06-30,EUR,6275000000,49183000000,42908000000,42908000000,6275000000,None,None,10177000000,None,-71000000,408000000,938000000,None,None,None,2976000000,5945000000,2725000000,None,3847000000,None,6883000000,9859000000,3787000000,TTE
2024-03-31,EUR,7430000000,51883000000,44453000000,44453000000,7430000000,None,None,7731000000,None,-145000000,472000000,708000000,None,None,None,43276,8728000000,2942000000,None,5804000000,None,10371956724,10372000000,5721000000,TTE
2023-12-31,EUR,6736000000,54765000000,48029000000,48029000000,6736000000,None,774000000,9517000000,None,274000000,439000000,849000000,None,None,None,3539000000,8512000000,3339000000,None,5037000000,None,9361000000,12900000000,5063000000,TTE
2023-09-30,EUR,17682000000,54413000000,36731000000,36731000000,10820000000,None,None,7807000000,None,-142000000,487000000,726000000,None,None,None,3055000000,10094000000,3404000000,None,6690000000,None,11386000000,14441000000,6676000000,TTE
2023-06-30,EUR,14564000000,51534000000,36970000000,36970000000,7363000000,None,None,7968000000,None,26000000,55000000,724000000,None,None,None,122085,6639000000,2487000000,None,4152000000,None,10557877915,10558000000,4088000000,TTE
2023-03-31,EUR,16820000000,58233000000,41413000000,41413000000,10412000000,None,None,7877000000,None,-242000000,623000000,710000000,None,None,None,41584,9702000000,4071000000,None,5631000000,None,13598958416,13599000000,5557000000,TTE
2022-12-31,EUR,19893000000,63953000000,44060000000,44060000000,10237000000,None,762000000,7604000000,None,-246000000,357000000,719000000,None,None,None,54880,9518000000,6077000000,None,3441000000,None,12985945120,12986000000,3264000000,TTE
2022-09-30,EUR,19225000000,64962000000,45737000000,45737000000,13458000000,None,None,6842000000,None,-222000000,422000000,633000000,None,None,None,27081,12825000000,6077000000,None,6748000000,None,16489972919,16490000000,6626000000,TTE
2022-06-30,EUR,21900000000,70445000000,48545000000,48545000000,11660000000,None,None,8158000000,None,-232000000,245000000,572000000,None,None,None,86065,11088000000,5284000000,None,5804000000,None,14980913935,14981000000,5692000000,TTE
2022-03-31,EUR,20623000000,63950000000,43327000000,43327000000,10317000000,None,None,8484000000,None,-180000000,214000000,462000000,None,None,None,60459,9855000000,4804000000,None,5051000000,None,14894939541,14895000000,4944000000,TTE
2021-12-31,EUR,15218000000,55298000000,40080000000,40080000000,9967000000,None,None,7003000000,None,-306000000,120000000,483000000,None,None,None,71391,9550000000,3647000000,None,5903000000,None,14254928609,14255000000,5837000000,TTE
2021-09-30,EUR,13535000000,49070000000,35535000000,35535000000,6791000000,None,None,6744000000,None,-314000000,87000000,454000000,None,None,None,54000,7444000000,2692000000,None,4752000000,None,11258946000,11259000000,4645000000,TTE
2021-06-30,EUR,11793000000,41633000000,29840000000,29840000000,4409000000,None,None,6840000000,None,-290000000,77000000,501000000,None,None,None,55806,3908000000,1609000000,None,2299000000,None,7695944194,7696000000,2206000000,TTE
2021-03-31,EUR,11910000000,38633000000,26723000000,26723000000,5517000000,None,None,7047000000,None,-392000000,95000000,466000000,None,None,None,55213,5051000000,1639000000,None,3412000000,None,8989944787,8990000000,3344000000,TTE
2020-12-31,EUR,8297000000,32348000000,24051000000,24051000000,1296000000,None,None,7001000000,None,-458000000,1651000000,501000000,None,None,None,55131,1052000000,149000000,None,903000000,None,5348944869,5349000000,891000000,TTE
2020-09-30,EUR,6839000000,27217000000,20378000000,20378000000,1090000000,None,None,5749000000,None,-489000000,406000000,458000000,None,None,None,52750,871000000,690000000,None,181000000,None,4962947250,4963000000,202000000,TTE
2020-06-30,EUR,-2056000000,21562000000,23618000000,23618000000,-8426000000,None,None,6435000000,None,-222000000,832000000,480000000,None,None,None,51116,-8906000000,-484000000,None,-8422000000,None,3274948884,3275000000,-8369000000,TTE
2020-03-31,EUR,6874000000,38577000000,31703000000,31703000000,689000000,None,None,7084000000,None,-717000000,10000000,724000000,None,None,None,47300,-35000000,-37000000,None,2000000,None,4418952700,4419000000,34000000,TTE
2019-12-31,EUR,10742000000,43385000000,32643000000,32643000000,3421000000,None,None,7321000000,None,-615000000,50000000,606000000,None,None,None,46467,3501000000,852000000,None,2649000000,None,8730953533,8731000000,2600000000,TTE
2019-09-30,EUR,10467000000,42538000000,32071000000,32071000000,4009000000,None,None,6458000000,None,-613000000,787000000,598000000,None,None,None,44646,4385000000,1540000000,None,2845000000,None,9224955354,9225000000,2800000000,TTE
2019-06-30,EUR,11151000000,45202000000,34051000000,34051000000,4985000000,None,None,7248000000,None,-472000000,206000000,610000000,None,None,None,40963,4375000000,1571000000,None,2804000000,None,8803959037,8804000000,2756000000,TTE
2019-03-31,EUR,11937000000,45124000000,33187000000,33187000000,5610000000,None,None,7013000000,None,-624000000,126000000,561000000,None,None,None,40374,5049000000,1909000000,None,3140000000,None,9325959626,9326000000,3111000000,TTE
2018-12-31,EUR,8530000000,46312000000,37782000000,37782000000,1416000000,0,0,7114000000,None,None,None,529000000,None,None,None,4553000000,1773000000,593000000,None,1180000000,None,2302000000,6855000000,1132000000,TTE
2018-09-30,EUR,12770000000,48400000000,35630000000,35630000000,5663000000,0,0,7107000000,None,None,None,536000000,None,None,None,3477000000,6327000000,2240000000,None,4087000000,None,6863000000,10340000000,3957000000,TTE
2018-06-30,EUR,12068000000,46102000000,34034000000,34034000000,6199000000,0,0,6919000000,None,None,None,478000000,None,None,None,3508000000,5721000000,2087000000,None,3634000000,None,6199000000,9707000000,3721000000,TTE
2018-03-31,EUR,10930000000,43292000000,32362000000,32362000000,4635000000,0,0,7141000000,None,None,None,390000000,None,None,None,3046000000,4245000000,1596000000,None,2649000000,None,4635000000,7681000000,2636000000,TTE
2017-12-31,EUR,8092000000,41442000000,33350000000,33350000000,1219000000,22189000000,912000000,6873000000,None,None,None,397000000,None,None,None,5857000000,1502000000,772000000,None,6811000000,None,1899000000,7756000000,1021000000,TTE
2017-09-30,EUR,9680000000,37082000000,27402000000,27402000000,3391000000,0,0,6289000000,None,None,None,413000000,None,None,None,3164000000,3855000000,1092000000,None,5019000000,None,4268000000,7432000000,2724000000,TTE
2017-06-30,EUR,8286000000,34482000000,26196000000,26196000000,2844000000,0,0,6305000000,None,None,None,345000000,None,None,None,2930000000,2499000000,472000000,None,-6310000000,None,2844000000,5774000000,2037000000,TTE
2017-03-31,EUR,7527000000,36093000000,28566000000,28566000000,3803000000,0,0,6363000000,None,None,None,331000000,None,None,None,4660000000,3472000000,693000000,None,2779000000,None,3803000000,8463000000,2849000000,TTE
2016-12-31,EUR,7961000000,36867000000,28906000000,28906000000,43000000,24030000000,1050000000,7051000000,None,None,None,299000000,None,None,None,5030000000,924000000,437000000,None,6206000000,None,1223000000,6253000000,548000000,TTE
2016-09-30,EUR,7666000000,31825000000,24159000000,24159000000,1923000000,0,0,5743000000,None,None,None,268000000,None,None,None,3297000000,2231000000,251000000,None,0,None,2499000000,5796000000,1954000000,TTE
2016-06-30,EUR,8195000000,31711000000,23516000000,23516000000,2715000000,0,0,6442000000,None,None,None,267000000,None,None,None,3361000000,2448000000,330000000,None,0,None,2715000000,6076000000,2088000000,TTE
2016-03-31,EUR,7203000000,27522000000,20319000000,20319000000,1847000000,0,0,6330000000,None,None,None,274000000,None,None,None,2735000000,1573000000,-48000000,None,0,None,1847000000,4582000000,1606000000,TTE
2015-12-31,EUR,2746000000,32292000000,29546000000,29546000000,-5074000000,22316000000,1068000000,6975000000,None,None,None,241000000,None,None,None,8278000000,-3181000000,-1381000000,None,4786000000,None,-2940000000,5338000000,-1626000000,TTE
2015-09-30,EUR,7312000000,34897000000,27585000000,27585000000,1243000000,0,0,6069000000,None,None,None,233000000,None,None,None,3519000000,1526000000,461000000,None,0,None,1759000000,5278000000,1079000000,TTE
2015-06-30,EUR,10085000000,39269000000,29184000000,29184000000,4833000000,0,0,6383000000,None,None,None,231000000,None,None,None,3113000000,4602000000,1589000000,None,0,None,4833000000,7946000000,2971000000,TTE
2015-03-31,EUR,9385000000,36963000000,27578000000,27578000000,4252000000,0,0,6909000000,None,None,None,262000000,None,None,None,4424000000,3990000000,1482000000,None,0,None,4252000000,8676000000,2663000000,TTE
2014-12-31,EUR,190000000,46734000000,46544000000,46544000000,-7252000000,26726000000,1353000000,7442000000,None,None,None,108000000,None,None,None,11310000000,-6564000000,-722000000,None,4250000000,None,-6456000000,4854000000,-5658000000,TTE
2014-09-30,EUR,12512000000,54222000000,41710000000,41710000000,5154000000,0,0,7358000000,None,None,None,173000000,None,None,None,3288000000,6365000000,2837000000,None,0,None,6538000000,9826000000,3463000000,TTE
2014-06-30,EUR,12907000000,56207000000,43300000000,43300000000,6297000000,0,0,7530000000,None,None,None,266000000,None,None,None,3087000000,6031000000,2902000000,None,0,None,6297000000,9384000000,3104000000,TTE
2014-03-31,EUR,13778000000,54855000000,41077000000,41077000000,7233000000,0,0,7983000000,None,None,None,201000000,None,None,None,3174000000,7032000000,3597000000,None,0,None,7233000000,10407000000,3335000000,TTE
2013-12-31,EUR,14037946366.93,59638487668.81,45600541301.89,45600541301.89,5563000000,0,1307627000,8445414123.56,None,None,None,220939545.42,None,None,None,3409373360.21,6107597558.62,3796017564.69,None,0,None,6328537104.03,9737910464.25,2216299814.96,TTE
2013-09-30,EUR,13334772693.54,56712591253.19,43377818559.65,43377818559.65,5726854413.21,0,0,7607918280.32,None,None,None,214554630.47,None,None,None,4276249207.23,7674038889.71,3863332748.59,None,0,None,7888593520.18,12164842727.41,3725693929.05,TTE
2013-06-30,EUR,13294910491.26,55297668609.49,42002758118.24,42002758118.24,6782108659.45,0,0,7685002081.60,None,None,None,236781848.46,None,None,None,2750312239.80,6545326810.99,3195253955.04,None,0,None,6782108659.45,9532420899.25,3300634887.59,TTE
2013-03-31,EUR,14399139432.44,56262165761.71,41863026329.27,41863026329.27,6145630570.64,0,0,7246952156.54,None,None,None,216422497.69,None,None,None,2953078578.01,5929208072.94,3895604958.51,None,0,None,6145630570.64,9098709148.65,1968292183.18,TTE
2012-12-31,EUR,14814716851.38,60133044145.26,45318327293.89,45318327293.89,5846800856.98,0,1061473000,8893855635.20,None,None,None,211601026.26,None,None,None,3704340466.05,6599307006.64,3401486497.21,None,0,None,6810908032.90,10515248498.96,3148887772.11,TTE
2012-09-30,EUR,19093231982.13,58395500828.19,39302268846.06,39302268846.06,7420295065.55,0,0,11672936916.58,None,None,None,197737573.99,None,None,None,4382326883.32,8506567712.28,4478627649.88,None,0,None,8261321760.12,12643648643.44,3936775336.73,TTE
2012-06-30,EUR,15549000493.74,56433174239.45,40884173745.71,40884173745.71,5961589588.42,0,0,10284976389.12,None,None,None,215219840.74,None,None,None,2739621972.68,5460253959.41,3419463469.60,None,0,None,5961589588.42,8701211561.10,2006608515.11,TTE
2012-03-31,EUR,19655029814.71,62397449408.38,42742419593.67,42742419593.67,10635913717.43,0,0,9719461601.06,None,None,None,249456398.49,None,None,None,2805383989.43,10643917666.05,5742833131.01,None,0,None,10635913717.43,13441297706.87,4885076637.81,TTE
2011-12-31,EUR,17788866567.30,55677532240.30,37888665673,37888665673,4394007307.82,0,1006705000,11130840515.85,None,None,None,202190395.96,None,None,None,3589105677.21,7134988011.15,4045104011.41,None,0,None,6879431682.65,10468537359.86,2968051325.25,TTE
2011-09-30,EUR,16986744173.41,56398381050.69,39411636877.28,39411636877.28,7240452001.96,0,0,9746292171.46,None,None,None,355842885.86,None,None,None,2800565002.44,9228825990.11,4683001032.22,None,0,None,8060792089.97,10861357092.41,4501005052.43,TTE
2011-06-30,EUR,17486789721.32,58581252262.03,41094462540.72,41094462540.72,9269634455.30,0,0,9273977560.62,None,None,None,230184581.98,None,None,None,2375678610.21,9039449873.33,4968512486.43,None,0,None,9269634455.30,11645313065.51,3946435034.38,TTE
2011-03-31,EUR,20256685398.02,58738316437.47,38481631039.45,38481631039.45,11605907435.12,0,0,9384971620.59,None,None,None,192019879.71,None,None,None,2665687741.79,11450597238.30,5749301104.11,None,0,None,11605907435.12,14271595176.91,5571400333.21,TTE
2010-12-31,EUR,14986779691.49,44120412104.65,29133632413.16,29133632413.16,3465421229.07,0,948734000,11521358462.42,None,None,None,6156027.47,None,None,None,5090476544.70,5490853663.06,3009779424.72,None,0,None,5497009690.53,10587486235.23,2419321876.65,TTE
2010-09-30,EUR,15413339147.97,48008940009.27,32595600861.29,32595600861.29,6790863746.63,0,0,8622475401.35,None,None,None,171713592.63,None,None,None,2605685627.84,7231050178.53,3306168061.27,None,0,None,7402763771.16,10008449399,3852653383.85,TTE
2010-06-30,EUR,15106984451.92,44264512355.61,29157527903.69,29157527903.69,7548618219.04,0,0,8385728907.74,None,None,None,253448359.90,None,None,None,2200165928.11,7295169859.14,3434956377.64,None,0,None,7548618219.04,9748784147.14,3778573865.57,TTE
2010-03-31,EUR,15337555160.75,44837813055.19,29500257894.44,29500257894.44,4822760212.57,0,0,9924637515.04,None,None,None,159034901.71,None,None,None,2793455950.84,5948764972.20,2929967333.37,None,0,None,6075247126.70,8868703077.54,2958622270.62,TTE
2009-12-31,EUR,15337555160.75,44837813055.19,29500257894.44,29500257894.44,4822760212.57,0,931580000,9924637515.04,None,None,None,159034901.71,None,None,None,2793455950.84,5948764972.20,2929967333.37,None,0,None,6075247126.70,8868703077.54,2958622270.62,TTE
2009-09-30,EUR,14461853858.54,42196514863.08,27734661004.54,27734661004.54,5292136476.79,6601259335.19,0,9169717381.75,None,None,None,289939961.93,None,None,None,2656767789.08,5713867330.50,2821789427.44,None,0,None,6003807292.43,8660575081.51,2815932054.47,TTE
2009-06-30,EUR,14414389135.19,37283236994.22,22868847859.03,22868847859.03,6063752174.65,0,0,9294853807.73,None,None,None,311465289.86,None,None,None,2528659785.79,5752286884.79,2633424995.79,None,0,None,6063752174.65,8592411960.44,3043100061.73,TTE
2009-03-31,EUR,10255198234.82,44869536459.06,34614338224.24,34614338224.24,-851586574.60,6903472478.21,0,11106784809.42,None,None,None,334328358.21,None,None,None,2508834089.71,338278976.53,1122624662.42,None,0,None,3440337528.19,5949171617.90,-1289677422.95,TTE
2008-12-31,EUR,10255198234.82,44869536459.06,34614338224.24,34614338224.24,-851586574.60,6903472478.21,851843000,11106784809.42,None,None,None,403414000,None,None,None,2508834089.71,338278976.53,1122624662.42,None,0,None,3440337528.19,5949171617.90,-1289677422.95,TTE
2008-09-30,EUR,18084000000,62020000000,43936000000,43936000000,9582000000,6630000000,0,8502000000,None,None,None,262503000,None,None,None,1571000000,9982000000,5687000000,None,0,None,10015000000,11586000000,4295000000,TTE
2008-06-30,EUR,23846000000,68202000000,44356000000,44356000000,14841000000,0,0,9172000000,None,None,None,319794000,None,None,None,2328076770.01,15220000000,7767000000,None,0,None,14841000000,17169076770.01,7453000000,TTE
2008-03-31,EUR,20555000000,58310000000,37755000000,37755000000,10961000000,7086000000,0,9594000000,None,None,None,405881331.04,None,None,None,2491000000,11740000000,6168000000,None,0,None,10352000000,12843000000,5572000000,TTE
2007-12-31,EUR,20555000000,58310000000,37755000000,37755000000,10961000000,7086000000,867418000,9594000000,None,None,None,709744000,None,None,None,2491000000,11740000000,6168000000,None,0,None,10352000000,12843000000,5572000000,TTE
2007-09-30,EUR,16039000000,48462000000,32423000000,32423000000,8373000000,5795000000,0,7666000000,None,None,None,708267000,None,None,None,2221887515.74,9001000000,4546000000,None,0,None,8167000000,10388887515.74,4455000000,TTE
2007-06-30,EUR,16397525616.90,45344288479.50,28946762862.60,28946762862.60,9848802739.69,0,0,7795389634.12,None,None,None,605059761.50,None,None,None,2023633877.93,9186891725.44,4456055335.22,None,0,None,9848802739.69,11872436617.62,4617133884.70,TTE
2007-03-31,EUR,15718000000,44803000000,29085000000,29085000000,7460000000,6332000000,0,8258000000,None,None,None,453,None,None,None,2355000000,7951000000,4518000000,None,0,None,6998000000,9353000000,3432000000,TTE
2006-12-31,EUR,15718000000,44803000000,29085000000,29085000000,7460000000,6332000000,750909000,8258000000,None,None,None,453,None,None,None,2355000000,7951000000,4518000000,None,0,None,6998000000,9353000000,3432000000,TTE
2006-09-30,EUR,15069000000,42507000000,27438000000,27438000000,6880000000,6542000000,0,8189000000,None,None,None,684863000,None,None,None,1674000000,7219000000,4136000000,None,0,None,6924000000,8598000000,3067000000,TTE
2006-06-30,EUR,16924000000,45737000000,28813000000,28813000000,8701000000,0,0,8164000000,None,None,None,515540000,None,None,None,1787630973.68,9060000000,4660000000,None,0,None,8701000000,10488630973.68,4400000000,TTE
2006-03-31,EUR,31518000000,64013000000,32495000000,32495000000,5333000000,0,0,26185000000,None,None,None,388000000,None,None,None,1984000000,4981000000,2392000000,None,0,None,30103000000,32087000000,2589000000,TTE
2005-12-31,EUR,31518000000,64013000000,32495000000,32495000000,5333000000,0,800519000,26185000000,None,None,None,388000000,None,None,None,1984000000,4981000000,2392000000,None,0,None,30103000000,32087000000,2589000000,TTE
2005-09-30,EUR,10324000000,39909000000,29585000000,29585000000,8790000000,0,0,1534000000,None,None,None,376501000,None,None,None,1563000000,8909000000,4528000000,None,0,None,8803000000,10366000000,4381000000,TTE
2005-06-30,EUR,15497000000,33623000000,18126000000,18126000000,7041000000,0,0,8468000000,None,None,None,324750000,None,None,None,1531000000,7330000000,3610000000,None,0,None,7041000000,8572000000,3720000000,TTE
2005-03-31,EUR,9795000000,56963000000,47168000000,47168000000,6953000000,0,0,2842000000,None,None,None,179000000,None,None,None,3308000000,9037000000,3943000000,None,0,None,3457000000,6765000000,5094000000,TTE
2004-12-31,EUR,9795000000,56963000000,47168000000,47168000000,6953000000,0,859663000,2842000000,None,None,None,179000000,None,None,None,3308000000,9037000000,3943000000,None,0,None,3457000000,6765000000,5094000000,TTE
