fiscalDateEnding,reportedCurrency,grossProfit,totalRevenue,costOfRevenue,costofGoodsAndServicesSold,operatingIncome,sellingGeneralAndAdministrative,researchAndDevelopment,operatingExpenses,investmentIncomeNet,netInterestIncome,interestIncome,interestExpense,nonInterestIncome,otherNonOperatingIncome,depreciation,depreciationAndAmortization,incomeBeforeTax,incomeTaxExpense,interestAndDebtExpense,netIncomeFromContinuingOperations,comprehensiveIncomeNetOfTax,ebit,ebitda,netIncome,ticker
2024-07-31,USD,493285000,1351959000,858674000,858674000,145135000,348150000,None,348150000,None,None,None,None,1351959000,7429000,None,28791000,152564000,35079000,None,117485000,123800000,145135000,173926000,117485000,URBN
2024-04-30,USD,408385000,1196131000,787746000,787746000,74624000,333761000,None,361657000,None,None,None,None,1200597000,6246000,None,27761000,80870000,19105000,None,61765000,56165000,74624000,102385000,61765000,URBN
2024-01-31,USD,434185000,1475711000,1041526000,1041526000,57336000,370445000,None,404213000,None,None,None,7131000,1486031000,-9280000,None,27201000,64025000,16274000,None,47751000,58773000,57336000,84537000,47751000,URBN
2023-10-31,USD,454407000,1279782000,825375000,826767000,108978000,345429000,None,346821000,None,None,None,244000,1281174000,-705000,None,27815000,109683000,26669000,None,83014000,71647000,108978000,136793000,83014000,URBN
2023-07-31,USD,455581000,1272195000,816614000,816614000,132098000,323483000,None,323483000,None,-894000,None,894000,1272195000,3399000,None,23592000,135497000,31405000,894000,104092000,108628000,132098000,159983000,104092000,URBN
2023-04-30,USD,371231000,1113674000,742443000,742443000,71383000,299848000,None,323949000,None,-278000,None,278000,1113452000,1019000,None,23879000,72402000,19585000,278000,52817000,58114000,71383000,96559000,52817000,URBN
2023-01-31,USD,372320000,1379114000,1006794000,1012253000,37250000,335070000,None,368061000,None,2604000,None,-2604000,1383936000,3200000,None,24810000,41176000,9714000,-2604000,31462000,46894000,37250000,63382000,31462000,URBN
2022-10-31,USD,357043000,1174391000,817348000,818306000,57318000,299725000,None,300683000,None,-1037000,None,1037000,1175349000,-5019000,None,25146000,52299000,15068000,1037000,37231000,23349000,57318000,78482000,37231000,URBN
2022-07-31,USD,374552000,1183388000,808836000,808836000,85818000,288734000,None,288734000,None,-1225000,None,1225000,1183388000,-2262000,None,25681000,83556000,24083000,1225000,59473000,53884000,85818000,110462000,59473000,URBN
2022-04-30,USD,323301000,1051934000,728633000,728633000,46237000,277064000,None,303851000,None,-1657000,None,1657000,1051849000,-1989000,None,26702000,44248000,12715000,1657000,31533000,11767000,46237000,72607000,31533000,URBN
2022-01-31,USD,367296000,1332199000,964903000,964903000,53308000,313988000,None,342510000,None,3436000,None,-3436000,1332391000,-2671000,None,27687000,51876000,10924000,-3436000,40952000,32844000,53308000,76127000,40952000,URBN
2021-10-31,USD,390738000,1131424000,740686000,740686000,115902000,274836000,None,274836000,None,-1804000,None,1804000,1131424000,-551000,None,26762000,115351000,26496000,1804000,88855000,85221000,115902000,143917000,88855000,URBN
2021-07-31,USD,435265000,1157725000,722460000,722460000,165853000,269412000,None,269412000,None,-1398000,None,1398000,1157725000,-1797000,None,25590000,164056000,36794000,1398000,127262000,125915000,165853000,191044000,127262000,URBN
2021-04-30,USD,300651000,927415000,626764000,626764000,73503000,227148000,None,252902000,None,-1338000,None,1338000,927294000,-155000,None,25633000,73348000,19801000,1338000,53547000,58926000,73503000,100319000,53547000,URBN
2021-01-31,USD,289084000,1087425000,798341000,799309000,34780000,254304000,None,281826000,None,-2587000,None,2587000,1088320000,1088000,None,25463000,35582000,7008000,2587000,28574000,42348000,34780000,63632000,28574000,URBN
2020-10-31,USD,322941000,969607000,646666000,646666000,98508000,224433000,None,224433000,None,-201000,None,201000,969607000,-890000,None,24920000,97618000,20914000,201000,76704000,75013000,98508000,122739000,76704000,URBN
2020-07-31,USD,238038000,803266000,565228000,565228000,69419000,168619000,None,168619000,None,-208000,None,208000,803266000,-533000,None,25464000,68886000,34486000,208000,34400000,46122000,69419000,94558000,34400000,URBN
2020-04-30,USD,11843000,573955000,562112000,576640000,-198735000,210578000,None,253469000,None,-409000,454000,409000,588044000,162000,None,27924000,-198573000,-60131000,409000,-138442000,-151363000,-198735000,-170240000,-138442000,URBN
2020-01-31,USD,333793000,1154967000,821174000,835785000,38575000,281307000,None,325876000,None,-279000,496000,775000,1168754000,-8395000,None,28639000,39616000,20077000,279000,19539000,21226000,38575000,69030000,19539000,URBN
2019-10-31,USD,321102000,987469000,666367000,666367000,75269000,245833000,None,245833000,None,-156000,6000,156000,987469000,576000,None,28222000,75845000,20193000,156000,55652000,63248000,75269000,104223000,55652000,URBN
2019-07-31,USD,315875000,962329000,646454000,646454000,78061000,237814000,None,237814000,None,-152000,19000,152000,962329000,3498000,None,27586000,81559000,21239000,152000,60320000,53750000,78061000,109297000,60320000,URBN
2019-04-30,USD,269056000,864413000,595357000,595357000,40020000,229036000,None,257397000,None,-119000,7000,119000,863861000,2680000,None,27809000,42700000,10115000,119000,32585000,28971000,40020000,70628000,32585000,URBN
2019-01-31,USD,372510000,1125404000,752894000,756438000,114208000,258302000,None,292323000,None,-216000,56000,272000,1128190000,-6600000,None,28667000,115387000,28973000,216000,86414000,91404000,114208000,144326000,86414000,URBN
2018-10-31,USD,337698000,973533000,635835000,635835000,96357000,241341000,None,241341000,None,-328000,None,328000,973533000,1235000,None,29161000,97592000,20072000,328000,77520000,72028000,96357000,127081000,77520000,URBN
2018-07-31,USD,355844000,992454000,636610000,636610000,116852000,238992000,None,238992000,None,-517000,None,517000,992454000,1746000,None,29694000,118598000,25789000,517000,92809000,84921000,116852000,148809000,92809000,URBN
2018-04-30,USD,280660000,855688000,575028000,575028000,53896000,226764000,None,259213000,None,-634000,None,634000,853703000,80000,None,30464000,53976000,12716000,634000,41260000,33198000,53896000,85074000,41260000,URBN
2018-01-31,USD,340638000,1077709000,737071000,748481000,90788000,249850000,None,296115000,None,-522000,None,522000,-761000,-4578000,None,31442000,91089000,89771000,522000,1318000,15411000,90788000,123053000,1318000,URBN
2017-10-31,USD,297746000,892774000,595028000,595028000,72888000,224858000,None,224858000,None,-538000,None,538000,892774000,-882000,None,32247000,72006000,26914000,538000,45092000,43691000,72888000,104791000,45092000,URBN
2017-07-31,USD,297343000,872931000,575588000,575588000,75180000,222163000,None,222163000,None,-725000,None,725000,872931000,1736000,None,32583000,76916000,27001000,725000,49915000,58841000,75180000,110224000,49915000,URBN
2017-04-30,USD,239780000,761190000,521410000,521410000,21036000,218744000,None,251408000,None,-803000,None,803000,-528000,319000,None,32136000,21355000,9417000,803000,11938000,13738000,21036000,54294000,11938000,URBN
2017-01-31,USD,340314000,1030158000,689844000,689844000,99527000,240787000,None,282563000,None,-489000,None,489000,-866000,-2655000,None,34149000,98751000,34463000,489000,64288000,67866000,99527000,133389000,64288000,URBN
2016-10-31,USD,299897000,862491000,562594000,562594000,70305000,229592000,None,229592000,None,-550000,None,550000,-1526000,854000,None,32788000,71159000,23804000,550000,47355000,36635000,70305000,104497000,47355000,URBN
2016-07-31,USD,342511000,890568000,548057000,548057000,118212000,224299000,None,224299000,None,-567000,None,567000,-495000,1071000,None,33549000,119283000,42368000,567000,76915000,63853000,118212000,153399000,76915000,URBN
2016-04-30,USD,261891000,762577000,500686000,500686000,50483000,211408000,None,247032000,None,-594000,None,594000,-780000,-1577000,None,34844000,48906000,19344000,594000,29562000,39148000,50483000,84344000,29562000,URBN
2016-01-31,USD,349188000,1013406000,664218000,664218000,116449000,232739000,None,280621000,None,-686000,None,686000,-490000,-1837000,None,35971000,115555000,42677000,686000,72878000,62078000,116449000,152212000,72878000,URBN
2015-10-31,USD,288188000,825258000,537070000,537070000,80325000,207863000,None,207863000,None,-997000,None,997000,-23000,63000,None,35903000,80388000,28394000,997000,51994000,49335000,80325000,117288000,51994000,URBN
2015-07-31,USD,318105000,867460000,549355000,549355000,103751000,214354000,None,214354000,None,-1042000,None,1042000,-606000,-596000,None,35805000,103155000,36314000,1042000,66841000,69169000,103751000,140002000,66841000,URBN
2015-04-30,USD,246421000,739010000,492589000,492589000,53054000,193367000,None,228691000,None,-1116000,None,1116000,-281000,-2121000,None,35043000,50933000,18157000,1116000,32776000,35883000,53054000,87092000,32776000,URBN
2015-01-31,USD,349637000,1011044000,661407000,661407000,123982000,225655000,None,260748000,None,-1280000,None,1280000,-2274000,-2694000,None,34733000,123607000,43309000,1280000,80298000,71572000,123982000,159620000,80298000,URBN
2014-10-31,USD,283524000,814470000,530946000,530946000,76465000,207059000,None,207059000,None,-1309000,None,1309000,-242000,-693000,None,34474000,75772000,28629000,1309000,47143000,38056000,76465000,111555000,47143000,URBN
2014-07-31,USD,303258000,809754000,706136000,507995000,105117000,198141000,None,198141000,None,-1499000,None,1499000,-502000,-523000,None,34426000,104594000,37085000,1499000,67509000,68175000,105117000,140519000,67509000,URBN
2014-04-30,USD,238511000,686139000,660966000,447799000,59821000,178690000,None,213338000,None,-2607000,None,2607000,-171000,-344000,None,34477000,59477000,21999000,2607000,37478000,40166000,59821000,96561000,37478000,URBN
2014-01-31,USD,332005000,904840000,-55528000,573853000,129089000,202916000,None,241449000,None,-3221000,None,3221000,-1018000,-1918000,None,34878000,129884000,41202000,3221000,88682000,93449000,129089000,167983000,88682000,URBN
2013-10-31,USD,292285000,774049000,668590000,481764000,105459000,186826000,None,186826000,None,-2992000,None,2992000,-2000,-186000,None,33218000,105273000,35016000,2992000,70257000,77539000,105459000,141483000,70257000,URBN
2013-07-31,USD,298243000,758524000,639207000,460281000,119317000,178926000,None,178926000,None,-2527000,None,2527000,-235000,207000,None,32490000,119524000,43161000,2527000,76363000,74215000,119317000,154541000,76363000,URBN
2013-04-30,USD,238809000,644872000,607289000,409368000,72966000,165843000,None,201226000,None,-2192000,None,2192000,-1113000,-129000,None,32078000,72837000,25779000,2192000,47058000,44971000,72966000,107107000,47058000,URBN
2013-01-31,USD,313696000,851149000,758092000,543136000,131922000,181774000,None,220930000,-1531000,None,None,None,-698000,-1410000,None,31280000,132638000,50090000,None,82548000,80622000,131922000,163202000,82548000,URBN
2012-10-31,USD,260851000,693022000,599384000,432043000,93510000,167341000,None,167341000,1179000,None,None,None,-5000,128000,None,30292000,93638000,34120000,None,59518000,62077000,93510000,123802000,59518000,URBN
2012-07-31,USD,254514000,676413000,580331000,421755000,95938000,158576000,None,158576000,1243000,None,None,None,95000,144000,None,28979000,96082000,34790000,None,61292000,57264000,95938000,124917000,61292000,URBN
2012-04-30,USD,202479000,567986000,544128000,366451000,52915000,149564000,None,178920000,1235000,-1235000,None,1235000,-8000,299000,None,28113000,53214000,19257000,1235000,33957000,40082000,52915000,82562000,33957000,URBN
2012-01-31,USD,219978000,725615000,693519000,510670000,64533000,155445000,None,184117000,-985000,-1268000,None,1268000,0,-5332000,None,27404000,64321000,25066000,1268000,39255000,35799000,64533000,92993000,39255000,URBN
2011-10-31,USD,216103000,610195000,536592000,393850000,73361000,142742000,None,144518000,1776000,-1776000,None,1776000,-200000,2018000,None,27404000,75379000,24700000,1776000,50679000,48283000,73361000,104559000,50679000,URBN
2011-07-31,USD,231090000,608109000,521186000,378091000,87995000,143095000,None,145102000,2007000,-2007000,None,2007000,-31000,935000,None,26753000,88930000,32237000,2007000,56693000,55605000,87995000,117690000,56693000,URBN
2011-04-30,USD,193365000,524019000,491734000,330654000,58836000,134529000,None,161080000,2322000,-2322000,None,2322000,-626000,1365000,None,26551000,60201000,21577000,2322000,38624000,44314000,58836000,89074000,38624000,URBN
2011-01-31,USD,265060000,668390000,574316000,403330000,120323000,144737000,None,170986000,None,-2150000,None,2150000,-108000,-3579000,None,26249000,121413000,46175000,2150000,75238000,74070000,120323000,149812000,75238000,URBN
2010-10-31,USD,235993000,573592000,468792000,337599000,104800000,131193000,None,131193000,None,-2223000,None,2223000,11000,876000,None,25805000,105676000,32570000,2223000,73106000,73106000,104800000,133704000,73106000,URBN
2010-07-31,USD,234781000,552159000,445290000,317378000,106869000,127912000,None,127912000,None,-2092000,None,2092000,None,616000,None,24704000,107485000,35828000,2092000,71657000,71657000,106869000,134281000,71657000,URBN
2010-04-30,USD,200786000,479961000,279175000,279175000,82211000,118575000,None,118575000,None,None,None,None,None,None,None,24347000,82634000,29677000,None,None,None,82211000,106558000,52957000,URBN
2010-01-31,USD,245661000,588493000,342832000,342832000,118662000,126999000,None,126999000,None,None,None,None,None,None,None,23629000,119237000,41562000,None,None,None,118662000,142291000,77675000,URBN
2009-10-31,USD,210088000,505900000,295812000,295812000,95761000,114327000,None,114327000,None,None,None,None,None,None,None,23628000,97578000,35186000,None,None,None,95761000,119389000,62392000,URBN
2009-07-31,USD,187091000,458626000,271535000,271535000,78441000,108650000,None,108650000,None,None,None,None,None,None,None,23003000,79380000,30359000,None,None,None,78441000,77502000,49021000,URBN
