fiscalDateEnding,reportedCurrency,grossProfit,totalRevenue,costOfRevenue,costofGoodsAndServicesSold,operatingIncome,sellingGeneralAndAdministrative,researchAndDevelopment,operatingExpenses,investmentIncomeNet,netInterestIncome,interestIncome,interestExpense,nonInterestIncome,otherNonOperatingIncome,depreciation,depreciationAndAmortization,incomeBeforeTax,incomeTaxExpense,interestAndDebtExpense,netIncomeFromContinuingOperations,comprehensiveIncomeNetOfTax,ebit,ebitda,netIncome,ticker
2024-12-31,USD,6151048000,14581420000,8430372000,8430372000,2430732000,1563038000,None,3720316000,None,-291584000,231312000,1264037000,None,None,None,3761131000,2088299000,326654000,None,1761645000,None,824262000,4585393000,1763043000,VIV
2024-09-30,USD,6244725000,14040000000,7795275000,7795275000,2290000000,1820000000,None,11537000000,None,-529000000,227190000,529187000,None,None,None,3660916000,1759907000,94032000,None,1668000000,None,2290084000,5951000000,1667444000,VIV
2024-06-30,USD,5471570000,13678936000,8207366000,8207366000,2081360000,1829000000,None,3390210000,None,-351000000,211812000,565591000,None,None,None,3413911000,1689381000,458169000,None,1232000000,None,2254972000,5668883000,1222000000,VIV
2024-03-31,BRL,5426908000,13545635000,8118727000,8118727000,1939425000,1741000000,None,3487483000,None,-687000000,195761000,677663000,None,None,None,3366327000,1223849000,327622000,None,896000000,None,1901512000,5267839000,895631000,VIV
2023-12-31,BRL,5830152000,13534726000,7704574000,7704574000,2251474000,1428818000,None,3413254000,None,-468864000,8576000,145940000,None,None,None,3504292000,1620676000,12880000,None,1607796000,None,2175413000,5679705000,1600646000,VIV
2023-09-30,BRL,10627000000,13112000000,2485000000,2485000000,2124000000,1756000000,None,8506000000,None,-570000000,87360000,145900000,None,None,None,3418047000,1548000000,72000000,None,1477000000,None,2120000000,5538047000,1471543000,VIV
2023-06-30,BRL,5687627000,12732709000,7045082000,7045082000,1872454000,1356883000,None,3430157000,None,-460483000,346520000,618063000,None,None,None,597206000,1386631000,265646000,None,1120985000,None,2409604000,3006810000,1122531000,VIV
2023-03-31,BRL,4910841000,12720910000,7810069000,7810069000,1623538000,1635000000,None,3287303000,None,-657000000,532956000,664017000,None,None,None,3260346000,1024702000,183905000,None,835000000,None,1623538000,4883884000,834669000,VIV
2022-12-31,BRL,5405522000,12659238000,7253716000,7253716000,1960693000,1392014000,None,3151267000,None,-472748000,148026000,595945000,None,None,None,3669430000,1356951000,231074000,None,1125877000,None,1960693000,5630123000,1126334000,VIV
2022-09-30,BRL,5148814000,12198995000,7050181000,7050181000,1726488000,1234044000,None,3116044000,None,-487582000,472490000,580859000,None,None,None,3225573000,1688961000,252494000,None,1436467000,None,2273146000,5498719000,1439793000,VIV
2022-06-30,BRL,5163900000,11831309000,6667409000,6667409000,1477305000,1212317000,None,3556121000,None,-359577000,135048000,484959000,None,None,None,3405917000,876240000,130610000,None,745630000,None,1477305000,4883222000,762672000,VIV
2022-03-31,BRL,4891246000,11351620000,6460374000,6460374000,1433425000,1143341000,None,3302538000,None,-345055000,199169000,533947000,None,None,None,3452363000,909439000,159511000,None,749928000,None,1433425000,4885788000,756214000,VIV
2021-12-31,BRL,9152000000,11501000000,2349000000,2349000000,1983678000,4444000000,None,7286000000,None,-167000000,624958000,298000000,None,None,None,3066000000,1459000000,-1168000000,None,2628000000,None,1997000000,5063000000,2628000000,VIV
2021-09-30,BRL,4843730000,11033251000,6189521000,6189521000,1776849000,1108592000,None,2715700000,None,-254000000,187684000,272096000,None,None,None,3053361000,1643453000,328754000,None,1315000000,None,2373200000,5426561000,1317769000,VIV
2021-06-30,BRL,8767000000,10649000000,1882000000,1882000000,1776000000,4288000000,None,6991000000,None,-155000000,78013000,214000000,None,None,None,3013431000,1619000000,275000000,None,1345000000,None,1835000000,4848431000,1345000000,VIV
2021-03-31,BRL,8932000000,10849000000,1917000000,1917000000,1550000000,4326000000,None,7382000000,None,-158000000,238470000,188000000,None,None,None,2905287000,1238000000,295000000,None,942000000,None,1580000000,4485287000,942000000,VIV
2020-12-31,BRL,7746000000,11193000000,3447000000,3447000000,1954233000,1222000000,None,5791000000,None,-287000000,251472000,273349000,None,None,None,2922000000,1668000000,374000000,None,1293000000,None,1955000000,4877000000,1293000000,VIV
2020-09-30,BRL,4933296000,10791538000,5858242000,5858242000,1538835000,1026585000,None,3079024000,None,-136646000,65001000,146535000,None,None,None,2783040000,1522048000,310561000,None,1211487000,None,1923795000,4706835000,1211487000,VIV
2020-06-30,BRL,4894995000,10317447000,5422452000,5422452000,1325761000,1029295000,None,3118988000,None,-106786000,77559000,188246000,None,None,None,2777419000,1251673000,138879000,None,1112794000,None,1901741000,4679160000,1112794000,VIV
2020-03-31,BRL,5353640000,10824667000,5471027000,5471027000,1762100000,1086275000,None,3301379000,None,-87502000,69477000,169716000,None,None,None,2744690000,1568159000,414703000,None,1153456000,None,2159404000,4904094000,1153456000,VIV
2019-12-31,BRL,8178000000,11377000000,3199000000,3199000000,1977852000,1335000000,None,6200000000,None,169101000,468604000,579398000,None,None,None,2989000000,1795000000,521000000,None,1274254000,None,1977000000,4966000000,1274000000,VIV
2019-09-30,BRL,5557875000,11046748000,5488873000,5488873000,1836326000,645402000,None,3721549000,None,-305899000,281632000,646133000,None,None,None,2704966000,1529653000,564540000,None,965113000,None,2175786000,4880752000,965113000,VIV
2019-06-30,BRL,5446824000,10869832000,5423008000,5423008000,1627725000,608058000,None,3858205000,None,None,None,242104000,None,None,None,2637197000,1386929000,-32576000,None,None,None,1763050000,4400247000,1419505000,VIV
2019-03-31,BRL,5534729000,10974736000,5440007000,5440007000,1772021000,1039526000,None,3383913000,None,None,None,198291000,None,None,None,2588373000,1682311000,340169000,None,None,None,2308682000,4897055000,1342142000,VIV
2018-12-31,BRL,7525300000,11085500000,3560200000,3560200000,1723542000,1413900000,None,5801700000,None,None,None,130000000,None,None,None,2322700000,1597700000,111000000,None,None,None,1684400000,4007100000,1486700000,VIV
2018-09-30,BRL,5662595000,10764902000,5102307000,5102307000,2745929000,1133560000,None,2640454000,None,None,None,163415000,None,None,None,2034766000,3394095000,216831000,None,None,None,3108978000,5143744000,3177264000,VIV
2018-06-30,BRL,5519682000,10823398000,5303716000,5303716000,3190535000,1236071000,None,2074546000,None,None,None,141812000,None,None,None,2012860000,4661707000,1495410000,None,None,None,3530009000,5542869000,3166297000,VIV
2018-03-31,BRL,5768031000,10788961000,5020930000,5020930000,1796178000,1143441000,None,3610159000,None,None,None,187130000,None,None,None,1998290000,1624017000,525998000,None,None,None,2288186000,4286476000,1098019000,VIV
2017-12-31,BRL,7670500000,11033500000,3363000000,3363000000,1775700000,1331700000,None,5894800000,None,None,None,157300000,None,None,None,1990926000,1598100000,81200000,None,None,None,1701500000,3692426000,1516900000,VIV
2017-09-30,BRL,5790231000,10885949000,5095718000,5095718000,1714948000,1129824000,None,3734779000,None,None,None,276115000,None,None,None,1961974000,1544449000,321733000,None,None,None,2300848000,4262822000,1222716000,VIV
2017-06-30,BRL,5678795000,10697193000,5018398000,5018398000,1571194000,1107042000,None,3762941000,None,None,None,281494000,None,None,None,1957224000,1307452000,434530000,None,None,None,2173061000,4130285000,872922000,VIV
2017-03-31,BRL,5531719000,10590150000,5058431000,5058431000,1570282000,1096886000,None,3657952000,None,None,None,330624000,None,None,None,1943610000,1280715000,284518000,None,None,None,2149552000,4093162000,996197000,VIV
2016-12-31,BRL,7537700000,10873600000,3335900000,3335900000,1875200000,1461900000,None,5729600000,None,None,None,117600000,None,None,None,1815200000,1493000000,278200000,None,None,None,1587800000,3403000000,1214800000,VIV
2016-09-30,BRL,5420395000,10693365000,5272970000,5272970000,1437728000,1093505000,None,3685552000,None,None,None,333552000,None,None,None,1972542000,1141663000,188973000,None,None,None,1763798000,3736340000,952690000,VIV
2016-06-30,BRL,5209788000,10510049000,5300261000,5300261000,1247010000,1139357000,None,3689808000,None,None,None,308832000,None,None,None,1953351000,941427000,241931000,None,None,None,1545063000,3498414000,699496000,VIV
2016-03-31,BRL,5074754000,10431396000,5356642000,5356642000,1875233000,1057482000,None,3390855000,None,None,None,408756000,None,None,None,1913255000,1558688000,340458000,None,None,None,1737468000,3650723000,1218230000,VIV
2015-12-31,BRL,7108000000,10760800000,3652800000,3652800000,1517300000,1293500000,None,5590600000,None,None,None,99300000,None,None,None,1914900000,1317500000,203000000,None,None,None,1247500000,3162400000,1114500000,VIV
2015-09-30,BRL,5198998000,10580780000,5381782000,5381782000,1334511000,955642000,None,3581310000,None,None,None,260252000,None,None,None,1844936000,1076768000,190603000,None,None,None,1624277000,3469213000,886165000,VIV
2015-06-30,BRL,4893677000,9962125000,5068448000,5068448000,1254168000,924861000,None,3354712000,None,None,None,302569000,None,None,None,388497000,1083081000,213265000,None,None,None,1509650000,1898147000,869816000,VIV
2015-03-31,BRL,5660400000,8983100000,3322700000,3322700000,1163700000,884700000,None,4496700000,None,None,None,40700000,None,None,None,1405100000,946100000,366400000,None,None,None,934400000,2339500000,579700000,VIV
2014-12-31,BRL,5890000000,9047600000,3157600000,3157600000,1396100000,1043100000,None,4493900000,None,None,None,266700000,None,None,None,1352700000,1311300000,50400000,None,None,None,1445300000,2798000000,1260900000,VIV
2014-09-30,BRL,4430291000,8723915000,4293624000,4293624000,1242037000,783639000,None,2962735000,None,None,None,211734000,None,None,None,293545000,1165645000,143320000,None,None,None,1488795000,1782340000,1022325000,VIV
2014-06-30,BRL,4500525000,8616594000,4116069000,4116069000,1357074000,783215000,None,2923495000,None,None,None,195151000,None,None,None,305447000,1245026000,-747627000,None,None,None,1559700000,1865147000,1992653000,VIV
2014-03-31,BRL,4215586000,8611930000,4396344000,4396344000,1120294000,757998000,None,2873891000,None,None,None,208949000,None,None,None,1443554000,1031964000,371194000,None,None,None,1353407000,2796961000,660770000,VIV
2013-12-31,BRL,5957100000,9056700000,3099600000,3099600000,1442000000,867600000,None,4515100000,None,None,None,295100000,None,None,None,1429200000,1308000000,76700000,None,None,None,1495100000,2924300000,1231300000,VIV
2013-09-30,BRL,4213414000,8618206000,4404792000,4404792000,1009675000,802787000,None,3579534000,None,None,None,227475000,None,None,None,1368853000,968720000,208521000,None,None,None,659961000,2028814000,760199000,VIV
2013-06-30,BRL,4102260000,8491505000,4389245000,4389245000,1125885000,753778000,None,2615145000,None,None,None,180970000,None,None,None,1448013000,1052553000,138298000,None,None,None,1507942000,2955955000,914255000,VIV
2013-03-31,BRL,4145910000,8555484000,4409574000,4409574000,1349881000,876828000,None,2810117000,None,None,None,180906000,None,None,None,1397276000,1333150000,522975000,None,None,None,1427702000,2824978000,810175000,VIV
2012-12-31,BRL,5823200000,8910300000,3087100000,3087100000,2416400000,848700000,None,3406500000,None,None,None,279100000,None,None,None,1437300000,2291500000,817200000,None,None,None,2433200000,3870500000,1474300000,VIV
2012-09-30,BRL,5436700000,8460600000,3023900000,3023900000,1527200000,817200000,None,3909500000,None,None,None,196300000,None,None,None,1384800000,1489500000,553700000,None,None,None,1601800000,2986600000,935800000,VIV
2012-06-30,BRL,5494100000,8240400000,2746300000,2746300000,1739300000,850200000,None,3754800000,None,None,None,192400000,None,None,None,1352100000,1673500000,587900000,None,None,None,1818300000,3170400000,1085600000,VIV
2012-03-31,BRL,4462203000,8669679000,4207476000,4207476000,1727944000,4524654000,None,2734259000,None,None,None,155397000,None,None,None,1322257000,1891817000,429544000,None,None,None,1789835000,3112092000,1461918000,VIV
2011-12-31,BRL,4462203000,8669679000,4207476000,4207476000,1727944000,4524654000,None,2734259000,None,None,None,155397000,None,None,None,1322257000,1891817000,429544000,None,None,None,1789835000,3112092000,1461918000,VIV
2011-09-30,BRL,4573400000,8293100000,3719700000,3719700000,1406100000,250400000,None,3167300000,None,None,None,422800000,None,None,None,1395948000,1387900000,55700000,None,None,None,1788200000,3184148000,1332300000,VIV
2011-06-30,BRL,4334224000,8231298000,3897074000,3897074000,1587728000,870636000,None,2746496000,None,None,None,33322000,None,None,None,1329280000,1700012000,550642000,None,None,None,1587645000,2916925000,1143964000,VIV
2011-03-31,BRL,1572188000,3965953000,2393765000,2393765000,627614000,298333000,None,944574000,None,None,None,137800000,None,None,None,538509000,677968000,259631000,None,None,None,793306000,1331815000,418337000,VIV
2010-12-31,BRL,1720983000,3991313000,2270330000,2270330000,630139000,351626000,None,1090844000,None,None,None,53278000,None,None,None,521307000,818788000,247698000,None,None,None,839153000,1360460000,571090000,VIV
2010-09-30,BRL,1736332000,3973684000,2237352000,2237352000,810204000,272061000,None,926128000,None,None,None,29452000,None,None,None,486252000,797075000,149640000,None,None,None,826527000,1312779000,647435000,VIV
2010-06-30,BRL,1819730000,3897419000,2077689000,2077689000,1178228000,189099000,None,641502000,None,None,None,137731000,None,None,None,337277000,1137103000,359765000,None,None,None,1274834000,1612111000,777338000,VIV
2010-03-31,BRL,1686201000,3893728000,2207527000,2207527000,706891000,274257000,None,979310000,None,None,None,135510000,None,None,None,568658000,673023000,270050000,None,None,None,808533000,1377191000,402973000,VIV
2009-12-31,BRL,1914631000,3991061000,2076430000,2076430000,502009000,294436000,None,1412622000,None,None,None,69758000,None,None,None,605156000,745136000,989308000,None,None,None,563019000,1168175000,544818000,VIV
2009-09-30,BRL,1626280000,3910093000,2283813000,2283813000,1209044000,44446000,None,417236000,None,None,None,291161000,None,None,None,613436000,768301000,-620953000,None,None,None,1464497000,2077933000,600264000,VIV
2009-06-30,BRL,1661502000,3935109000,2273607000,2273607000,527119000,299934000,None,1134383000,None,None,None,54220000,None,None,None,636035000,863372000,377497000,None,None,None,242219000,878254000,545251000,VIV
2009-03-31,BRL,1697390950,4005431040,2308040089,2308040089,4084340189,755000,None,-2386949238.47,None,None,None,167245000,None,None,None,710575374,1075490225,197624804,None,None,None,4099287722,4809863096,675263982,VIV
2008-12-31,BRL,1697390950.86,4005431040.78,2308040089.92,2308040089.92,4084340189.33,755000,None,-2386949238.47,None,None,None,None,None,None,None,710575374.29,1075490225.81,197624804.09,None,None,None,4099287722.17,4809863096.46,675263982.73,VIV
2008-09-30,BRL,1973067772,4147174304,2174106532,2174106532,1032443412,940624360,None,940624360,None,None,None,None,None,None,None,691258000,942850428,337317604,None,None,None,1057932564,1749190564,605532824,VIV
2008-06-30,BRL,1811753304,3880625370,2068872065,2068872065,952895818,None,None,858857485,None,None,None,None,None,None,None,15437914,682870366,248771786,None,None,None,952895819,968333733,633947195,VIV
2008-03-31,BRL,1621757740,3770176889,2148419149,2148419149,527320060,1000407000,None,1094437680,None,None,None,None,None,None,None,-188191021.64,989263256,122266385,None,None,None,1109596778.64,921405757,646698706,VIV
2007-12-31,BRL,1621757740.06,3770176889.42,2148419149.36,2148419149.36,527320060,1000407000,None,1094437680.06,None,None,None,None,None,None,None,-188191021.64,989263256.62,122266385.98,None,None,None,1109596778.98,921405757.34,646698706.54,VIV
2007-09-30,BRL,1641852153,3605578725,1963726572,1963726572,862603119,779744340.20,None,779249033,None,None,None,None,None,None,None,-10883953.50,800713542,276680881,None,None,None,862603119.50,851719166,524032660,VIV
2007-06-30,BRL,1712920804.80,3667350544.60,1954429739.80,1954429739.80,918827469.20,None,None,794093335.60,None,None,None,None,None,None,None,-270509293.20,633980963.60,251990876,None,None,None,918827469.20,648318176,602986433,VIV
2007-03-31,BRL,2799363393,3700338222,900974829,900974829,818415177,234958000,None,1980948215,None,None,None,None,None,None,None,669865815,919544271,327745400,None,None,None,872426396,1542292211,591798870,VIV
2006-12-31,BRL,-1307852963.50,3657510949,4965363912.50,4965363912.50,1149422791.50,234958000,None,-2457275755,None,None,None,None,None,None,None,-1684345677,1159198869,414345812,None,None,None,2523311951.50,838966274.50,702472286.50,VIV
2006-09-30,BRL,2751547954,3676684352,925136398,925136398,1228247075,234958000,None,1523300878,None,None,None,None,None,None,None,678700767,1235092389,306935745,None,None,None,1028623094,1707323861,817221018,VIV
2006-06-30,BRL,1697375229.90,3628238357.52,1930863127.62,1930863127.62,1055738606.58,None,None,641636623.32,None,None,None,None,None,None,None,-43323341.04,638274578.76,231822117.87,None,None,None,1055738606.58,1012415265.54,698129423.88,VIV
2006-03-31,BRL,1677446270,3647842154,1970395883,1970395883,965508755,864000,None,711937515,None,None,None,None,None,None,None,76993699,883068808,291197475,None,None,None,888576151,965569850,591871333,VIV
2005-12-31,BRL,1738275277.50,3727623547.50,1989348270,1989348270,893959575,864000,None,844315702.50,None,None,None,None,None,None,None,-1361474431.03,1476028340,204669615,None,None,None,2881492791.03,1520018360,669800075,VIV
2005-09-30,BRL,1998876789,3506742414,1507865625,1507865625,1598583483,864000,None,400293306,None,None,None,None,None,None,None,674332659,465799068,159501006,None,None,None,1661212791,2335545450,662719617,VIV
2005-06-30,BRL,1998876789,3506742414,1507865625,1507865625,1598583483,None,None,400293306,None,None,None,None,None,None,None,674332659,465799068,159501006,None,None,None,1661212791,2335545450,662719617,VIV
2005-03-31,BRL,3953141824,3433160903,-519980921.22,-519980921.22,2999496117,747000,None,953645706,None,None,None,None,None,None,None,310245363,1108940016,108452420,None,None,None,2999496118,3309741481,704179739,VIV
2004-12-31,BRL,3953141824.50,3433160903.28,-519980921.22,-519980921.22,2999496117.64,747000,None,953645706.86,None,None,None,None,None,None,None,310245363.78,1108940016.13,108452420.49,None,None,None,2999496117.64,3309741481.42,704179739.43,VIV
